%
%
%
@Article{kalsi15,
author ="Kalsi, Sumit and Valiadi, Martha and Tsaloglou, Maria-Nefeli and Parry-Jones, Lesley and Jacobs, Adrian and Watson, Rob and Turner, Carrie and Amos, Robert and Hadwen, Ben and Buse, Jonathan and Brown, Chris and Sutton, Mark and Morgan, Hywel",
title  ="Rapid and sensitive detection of antibiotic resistance on a programmable digital microfluidic platform",
journal  ="Lab Chip",
year  ="2015",
volume  ="15",
issue  ="14",
pages  ="3065-3075",
publisher  ="The Royal Society of Chemistry",
doi  ="10.1039/C5LC00462D",
url  ="http://dx.doi.org/10.1039/C5LC00462D",
}


%
% Code Generation Sections
%

@article{chaitin81,
  author    = {Gregory J. Chaitin and
               Marc A. Auslander and
               Ashok K. Chandra and
               John Cocke and
               Martin E. Hopkins and
               Peter W. Markstein},
  title     = {Register Allocation Via Coloring},
  journal   = {Comput. Lang.},
  volume    = {6},
  number    = {1},
  pages     = {47--57},
  year      = {1981},
  url       = {https://doi.org/10.1016/0096-0551(81)90048-5},
  doi       = {10.1016/0096-0551(81)90048-5},
  timestamp = {Thu, 18 May 2017 09:55:02 +0200},
  biburl    = {https://dblp.org/rec/bib/journals/cl/ChaitinACCHM81},
  bibsource = {dblp computer science bibliography, https://dblp.org}
}

@inproceedings{chaitin82,
  author    = {Gregory J. Chaitin},
  title     = {Register Allocation {\&} Spilling via Graph Coloring},
  booktitle = {Proceedings of the {SIGPLAN} '82 Symposium on Compiler Construction,
               Boston, Massachusetts, USA, June 23-25, 1982},
  pages     = {98--105},
  year      = {1982},
  url       = {http://doi.acm.org/10.1145/800230.806984},
  doi       = {10.1145/800230.806984},
  timestamp = {Wed, 23 May 2012 14:26:09 +0200},
  biburl    = {https://dblp.org/rec/bib/conf/sigplan/Chaitin82},
  bibsource = {dblp computer science bibliography, https://dblp.org}
}

@article{briggs1994improvements,
  title={Improvements to graph coloring register allocation},
  author={Briggs, Preston and Cooper, Keith D and Torczon, Linda},
  journal={ACM Transactions on Programming Languages and Systems (TOPLAS)},
  volume={16},
  number={3},
  pages={428--455},
  year={1994},
  publisher={ACM}
}


@article{george96,
  author    = {Lal George and
               Andrew W. Appel},
  title     = {Iterated Register Coalescing},
  journal   = {{ACM} Trans. Program. Lang. Syst.},
  volume    = {18},
  number    = {3},
  pages     = {300--324},
  year      = {1996},
  url       = {http://doi.acm.org/10.1145/229542.229546},
  doi       = {10.1145/229542.229546},
  timestamp = {Mon, 03 Apr 2006 11:19:30 +0200},
  biburl    = {https://dblp.org/rec/bib/journals/toplas/GeorgeA96},
  bibsource = {dblp computer science bibliography, https://dblp.org}
}

@ARTICLE{deb02, 
author={Kalyanmoy Deb and Amrit Pratap and Sameer Agarwal and T. Meyarivan}, 
journal={IEEE Transactions on Evolutionary Computation}, 
title={A fast and elitist multiobjective genetic algorithm: NSGA-II}, 
year={2002}, 
volume={6}, 
number={2}, 
pages={182-197}, 
doi={10.1109/4235.996017}, 
ISSN={1089-778X}, 
month={Apr},}


%
% Hard and Soft Lithography References
%
@misc{morean1988semiconductor,
 title={Semiconductor Lithography: Principles and Materials},
 author={Morean, WM},
 year={1988},
 publisher={Plenum, New York}
}

@article{brambley1994microlithography,
 title={Microlithography: an overview},
 author={Brambley, D and Martin, B and Prewett, PD},
 journal={Advanced Functional Materials},
 volume={4},
 number={2},
 pages={55--74},
 year={1994},
 publisher={Wiley Online Library}
}

@book{rai1997handbook,
 title={Handbook of microlithography, micromachining, and microfabrication},
 author={Rai-Choudhury, Prosenjit},
 volume={1},
 year={1997},
 publisher={Iet}
}


@article{xia98,
author = {Younan Xia and  and  George M. Whitesides},
title = {SOFT LITHOGRAPHY},
journal = {Annual Review of Materials Science},
volume = {28},
number = {1},
pages = {153-184},
year = {1998},
doi = {10.1146/annurev.matsci.28.1.153},
URL = { https://doi.org/10.1146/annurev.matsci.28.1.153},
eprint = {https://doi.org/10.1146/annurev.matsci.28.1.153}
}

@article{norouzi16,
    author = {Norouzi, Nazila AND Bhakta, Heran C. AND Grover, William H.},
    journal = {PLOS ONE},
    publisher = {Public Library of Science},
    title = {Orientation-Based Control of Microfluidics},
    year = {2016},
    month = {03},
    volume = {11},
    url = {https://doi.org/10.1371/journal.pone.0149259},
    pages = {1-12},
    number = {3},
    doi = {10.1371/journal.pone.0149259}
}

@article{norouzi17,
    author = {Norouzi, Nazila AND Bhakta, Heran C. AND Grover, William H.},
    journal = {PLOS ONE},
    publisher = {Public Library of Science},
    title = {Sorting cells by their density},
    year = {2017},
    month = {07},
    volume = {12},
    url = {https://doi.org/10.1371/journal.pone.0180520},
    pages = {1-16},
    number = {7},
    doi = {10.1371/journal.pone.0180520}
}

@Article{Lashkaripour2018,
author="Lashkaripour, Ali
and Silva, Ryan
and Densmore, Douglas",
title="Desktop micromilled microfluidics",
journal="Microfluidics and Nanofluidics",
year="2018",
month="Feb",
day="26",
volume="22",
number="3",
pages="31",
issn="1613-4990",
doi="10.1007/s10404-018-2048-2",
url="https://doi.org/10.1007/s10404-018-2048-2"
}

@Article{gong16,
author ="Gong, Hua and Woolley, Adam T. and Nordin, Gregory P.",
title  ="High density 3D printed microfluidic valves{,} pumps{,} and multiplexers",
journal  ="Lab Chip",
year  ="2016",
volume  ="16",
issue  ="13",
pages  ="2450-2458",
publisher  ="The Royal Society of Chemistry",
doi  ="10.1039/C6LC00565A",
url  ="http://dx.doi.org/10.1039/C6LC00565A",
}

@Article{lee18,
author ="Lee, Yuan-Sheng and Bhattacharjee, Nirveek and Folch, Albert",
title  ="3D-printed Quake-style microvalves and micropumps",
journal  ="Lab Chip",
year  ="2018",
pages  ="-",
publisher  ="The Royal Society of Chemistry",
doi  ="10.1039/C8LC00001H",
url  ="http://dx.doi.org/10.1039/C8LC00001H",
}

@Article{chou2001,
author="Chou, Hou-Pu
and Unger, Marc A.
and Quake, Stephen R.",
title="A Microfabricated Rotary Pump",
journal="Biomedical Microdevices",
year="2001",
month="Dec",
day="01",
volume="3",
number="4",
pages="323--330",
doi="10.1023/A:1012412916446",
url="https://doi.org/10.1023/A:1012412916446"
}

@InProceedings{mccaskill00,
author="McCaskill, John S.
and Wagler, Patrick",
editor="Hartenstein, Reiner W.
and Gr{\"u}nbacher, Herbert",
title="From Reconfigurability to Evolution in Construction Systems: Spanning the Electronic, Microfluidic and Biomolecular Domains",
booktitle="Field-Programmable Logic and Applications: The Roadmap to Reconfigurable Computing",
year="2000",
publisher="Springer Berlin Heidelberg",
address="Berlin, Heidelberg",
pages="286--299",
isbn="978-3-540-44614-9"
}

@Article{jensen13,
author ="Jensen, Erik C. and Stockton, Amanda M. and Chiesl, Thomas N. and Kim, Jungkyu and Bera, Abhisek and Mathies, Richard A.",
title  ="Digitally programmable microfluidic automaton for multiscale combinatorial mixing and sample processing",
journal  ="Lab Chip",
year  ="2013",
volume  ="13",
issue  ="2",
pages  ="288-296",
publisher  ="The Royal Society of Chemistry",
doi  ="10.1039/C2LC40861A",
url  ="http://dx.doi.org/10.1039/C2LC40861A",
}

@inproceedings{curtis18,
  author    = {Christopher Curtis and
               Daniel T. Grissom and
               Philip Brisk},
  title     = {A compiler for cyber-physical digital microfluidic biochips},
  booktitle = {Proceedings of the 2018 International Symposium on Code Generation
               and Optimization, {CGO} 2018, V{\"{o}}sendorf / Vienna, Austria,
               February 24-28, 2018},
  pages     = {365--377},
  year      = {2018},
  url       = {http://doi.acm.org/10.1145/3168826},
  doi       = {10.1145/3168826},
  timestamp = {Sat, 17 Feb 2018 13:50:53 +0100},
  biburl    = {https://dblp.org/rec/bib/conf/cgo/CurtisGB18},
  bibsource = {dblp computer science bibliography, https://dblp.org}
}

@inproceedings{sreedhar99,
  author    = {Vugranam C. Sreedhar and
               Roy Dz{-}Ching Ju and
               David M. Gillies and
               Vatsa Santhanam},
  title     = {Translating Out of Static Single Assignment Form},
  booktitle = {Static Analysis, 6th International Symposium, {SAS} '99, Venice, Italy,
               September 22-24, 1999, Proceedings},
  pages     = {194--210},
  year      = {1999},
  url       = {https://doi.org/10.1007/3-540-48294-6_13},
  doi       = {10.1007/3-540-48294-6_13},
  timestamp = {Mon, 05 Jun 2017 12:39:22 +0200},
  biburl    = {https://dblp.org/rec/bib/conf/sas/SreedharJGS99},
  bibsource = {dblp computer science bibliography, https://dblp.org}
}




%
% Everything else below
%

@book{AhoSethiUllman,
  author    = {Alfred V. Aho and
               Ravi Sethi and
               Jeffrey D. Ullman},
  title     = {Compilers: Principles, Techniques, and Tools},
  series    = {Addison-Wesley series in computer science / World student series edition},
  publisher = {Addison-Wesley},
  year      = {1986},
  url       = {http://www.worldcat.org/oclc/12285707},
  isbn      = {0-201-10088-6},
  timestamp = {Wed, 26 Apr 2017 17:48:53 +0200},
  biburl    = {http://dblp.org/rec/bib/books/aw/AhoSU86},
  bibsource = {dblp computer science bibliography, http://dblp.org}
}
@book{CooperTorczon,
  author    = {Keith D. Cooper and
               Linda Torczon},
  title     = {Engineering a Compiler},
  publisher = {Morgan Kaufmann},
  year      = {2004},
  isbn      = {1-55860-699-8},
  timestamp = {Wed, 29 Mar 2017 16:45:21 +0200},
  biburl    = {http://dblp.org/rec/bib/books/mk/CooperT2004},
  bibsource = {dblp computer science bibliography, http://dblp.org}
}

@article{backer2005evaluation,
  title={Evaluation of the DRI{\textregistered} oxycodone immunoassay for the detection of oxycodone in urine},
  author={Backer, Ronald C and Monforte, Joseph R and Poklis, Alphonse},
  journal={Journal of analytical toxicology},
  volume={29},
  number={7},
  pages={675--677},
  year={2005},
  publisher={Oxford University Press}
}

@article{jiang2011production,
  title={Production and characterization of monoclonal antibodies against small hapten-ciprofloxacin},
  author={Jiang, Yousheng and Huang, Xuanyun and Hu, Kun and Yu, Wenjuan and Yang, Xianle and Lv, Liqun},
  journal={African Journal of Biotechnology},
  volume={10},
  number={65},
  pages={14342--14347},
  year={2011},
  publisher={Academic Journals (Kenya)}
}

@article{mao2006development,
  title={Development of an enzyme-linked immunosorbent assay for fentanyl and applications of fentanyl antibody-coated nanoparticles for sample preparation},
  author={Mao, Chi-Liang and Zientek, Keith D and Colahan, Patrick T and Kuo, Mei-Yueh and Liu, Chi-Ho and Lee, Kuo-Ming and Chou, Chi-Chung},
  journal={Journal of pharmaceutical and biomedical analysis},
  volume={41},
  number={4},
  pages={1332--1341},
  year={2006},
  publisher={Elsevier}
}

@book{Muchnick,
  author    = {Steven S. Muchnick},
  title     = {Advanced Compiler Design and Implementation},
  publisher = {Morgan Kaufmann},
  year      = {1997},
  isbn      = {1-55860-320-4},
  timestamp = {Mon, 05 Jan 2004 14:58:03 +0100},
  biburl    = {http://dblp.org/rec/bib/books/mk/Muchnick1997},
  bibsource = {dblp computer science bibliography, http://dblp.org}
}

@book{AllenKennedy,
  author    = {Randy Allen and
               Ken Kennedy},
  title     = {Optimizing Compilers for Modern Architectures: {A} Dependence-based
               Approach},
  publisher = {Morgan Kaufmann},
  year      = {2001},
  isbn      = {1-55860-286-0},
  timestamp = {Mon, 05 Jan 2004 14:51:09 +0100},
  biburl    = {http://dblp.org/rec/bib/books/mk/AllenK2001},
  bibsource = {dblp computer science bibliography, http://dblp.org}
}

@book{AppelPalsberg,
  author    = {Andrew W. Appel and
               Jens Palsberg},
  title     = {Modern Compiler Implementation in Java, 2nd edition},
  publisher = {Cambridge University Press},
  year      = {2002},
  isbn      = {0-521-82060-X},
  timestamp = {Thu, 14 Apr 2011 14:43:26 +0200},
  biburl    = {http://dblp.org/rec/bib/books/cu/Appel2002},
  bibsource = {dblp computer science bibliography, http://dblp.org}
}


%
% Valve References
%

@article {unger00,
	author = {Unger, Marc A. and Chou, Hou-Pu and Thorsen, Todd and Scherer, Axel and Quake, Stephen R.},
	title = {Monolithic Microfabricated Valves and Pumps by Multilayer Soft Lithography},
	volume = {288},
	number = {5463},
	pages = {113--116},
	year = {2000},
	doi = {10.1126/science.288.5463.113},
	publisher = {American Association for the Advancement of Science},
	issn = {0036-8075},
	URL = {http://science.sciencemag.org/content/288/5463/113},
	eprint = {http://science.sciencemag.org/content/288/5463/113.full.pdf},
	journal = {Science}
}

@article {thorsen02,
	author = {Thorsen, Todd and Maerkl, Sebastian J. and Quake, Stephen R.},
	title = {Microfluidic Large-Scale Integration},
	volume = {298},
	number = {5593},
	pages = {580--584},
	year = {2002},
	doi = {10.1126/science.1076996},
	publisher = {American Association for the Advancement of Science},
	issn = {0036-8075},
	URL = {http://science.sciencemag.org/content/298/5593/580},
	eprint = {http://science.sciencemag.org/content/298/5593/580.full.pdf},
	journal = {Science}
}

@article{grover03,
title = "Monolithic membrane valves and diaphragm pumps for practical large-scale integration into glass microfluidic devices",
journal = "Sensors and Actuators B: Chemical",
volume = "89",
number = "3",
pages = "315 - 323",
year = "2003",
issn = "0925-4005",
doi = "https://doi.org/10.1016/S0925-4005(02)00468-9",
url = "http://www.sciencedirect.com/science/article/pii/S0925400502004689",
author = "William H Grover and Alison M Skelley and Chung N Liu and Eric T Lagally and Richard A Mathies",
keywords = "PDMS membrane valves, Micropumps, Integrated devices"
}

@Article{grover06,
author ="Grover, William H. and Ivester, Robin H. C. and Jensen, Erik C. and Mathies, Richard A.",
title  ="Development and multiplexed control of latching pneumatic valves using microfluidic logical structures",
journal  ="Lab Chip",
year  ="2006",
volume  ="6",
issue  ="5",
pages  ="623-631",
publisher  ="The Royal Society of Chemistry",
doi  ="10.1039/B518362F",
url  ="http://dx.doi.org/10.1039/B518362F",
}


@article{melin07,
author = {Jessica Melin and Stephen R. Quake},
title = {Microfluidic Large-Scale Integration: The Evolution of Design Rules for Biological Automation},
journal = {Annual Review of Biophysics and Biomolecular Structure},
volume = {36},
number = {1},
pages = {213-231},
year = {2007},
doi = {10.1146/annurev.biophys.36.040306.132646},
note ={PMID: 17269901},
URL = { https://doi.org/10.1146/annurev.biophys.36.040306.132646 },
eprint = { https://doi.org/10.1146/annurev.biophys.36.040306.132646 }
}

@Article{araci12,
author ="Araci, Ismail Emre and Quake, Stephen R.",
title  ="Microfluidic very large scale integration (mVLSI) with integrated micromechanical valves",
journal  ="Lab Chip",
year  ="2012",
volume  ="12",
issue  ="16",
pages  ="2803-2806",
publisher  ="The Royal Society of Chemistry",
doi  ="10.1039/C2LC40258K",
url  ="http://dx.doi.org/10.1039/C2LC40258K",
}




%
% Figure 1 images
%

@Article{kim11,
author ="Kim, Jungkyu and Jensen, Erik C. and Megens, Mischa and Boser, Bernhard and Mathies, Richard A.",
title  ="Integrated microfluidic bioprocessor for solid phase capture immunoassays",
journal  ="Lab Chip",
year  ="2011",
volume  ="11",
issue  ="18",
pages  ="3106-3112",
publisher  ="The Royal Society of Chemistry",
doi  ="10.1039/C1LC20407F",
url  ="http://dx.doi.org/10.1039/C1LC20407F",
}

@Article{foudeh15,
author ="Foudeh, Amir M. and Brassard, Daniel and Tabrizian, Maryam and Veres, Teodor",
title  ="Rapid and multiplex detection of Legionella{'}s RNA using digital microfluidics",
journal  ="Lab Chip",
year  ="2015",
volume  ="15",
issue  ="6",
pages  ="1609-1618",
publisher  ="The Royal Society of Chemistry",
doi  ="10.1039/C4LC01468E",
url  ="http://dx.doi.org/10.1039/C4LC01468E",
}


%
% Microvalve-based Synthesis References
%

@inproceedings{amin09,
  author    = {Nada Amin and
               William Thies and
               Saman P. Amarasinghe},
  title     = {Computer-aided design for microfluidic chips based on multilayer soft
               lithography},
  booktitle = {27th International Conference on Computer Design, {ICCD} 2009, Lake
               Tahoe, CA, USA, October 4-7, 2009},
  pages     = {2--9},
  year      = {2009},
  url       = {https://doi.org/10.1109/ICCD.2009.5413185},
  doi       = {10.1109/ICCD.2009.5413185},
  timestamp = {Wed, 24 May 2017 08:27:59 +0200},
  biburl    = {http://dblp.org/rec/bib/conf/iccd/AminTA09},
  bibsource = {dblp computer science bibliography, http://dblp.org}
}

@inproceedings{minhass11,
  author    = {Wajid Hassan Minhass and
               Paul Pop and
               Jan Madsen},
  title     = {System-level modeling and synthesis of flow-based microfluidic biochips},
  booktitle = {Proceedings of the 14th International Conference on Compilers, Architecture,
               and Synthesis for Embedded Systems, {CASES} 2011, part of the Seventh
               Embedded Systems Week, ESWeek 2011, Taipei, Taiwan, October 9-14,
               2011},
  pages     = {225--234},
  year      = {2011},
  url       = {http://doi.acm.org/10.1145/2038698.2038733},
  doi       = {10.1145/2038698.2038733},
  timestamp = {Sat, 16 Sep 2017 12:08:28 +0200},
  biburl    = {http://dblp.org/rec/bib/conf/cases/MinhassPM11},
  bibsource = {dblp computer science bibliography, http://dblp.org}
}

@inproceedings{minhass12,
  author    = {Wajid Hassan Minhass and
               Paul Pop and
               Jan Madsen and
               Felician Stefan Blaga},
  title     = {Architectural synthesis of flow-based microfluidic large-scale integration
               biochips},
  booktitle = {Proceedings of the 15th International Conference on Compilers, Architecture,
               and Synthesis for Embedded Systems, {CASES} 2012, part of the Eighth
               Embedded Systems Week, ESWeek 2012, Tampere, Finland, October 7-12,
               2012},
  pages     = {181--190},
  year      = {2012},
  url       = {http://doi.acm.org/10.1145/2380403.2380437},
  doi       = {10.1145/2380403.2380437},
  timestamp = {Sat, 16 Sep 2017 12:08:28 +0200},
  biburl    = {http://dblp.org/rec/bib/conf/cases/MinhassPMB12},
  bibsource = {dblp computer science bibliography, http://dblp.org}
}

@article{dinh13,
  author    = {Trung Anh Dinh and
               Shigeru Yamashita and
               Tsung{-}Yi Ho and
               Yuko Hara{-}Azumi},
  title     = {Clique-Based Architectural Synthesis of Flow-Based Microfluidic Biochips},
  journal   = {{IEICE} Transactions},
  volume    = {96-A},
  number    = {12},
  pages     = {2668--2679},
  year      = {2013},
  url       = {http://search.ieice.org/bin/summary.php?id=e96-a_12_2668},
  timestamp = {Wed, 14 May 2014 19:35:23 +0200},
  biburl    = {http://dblp.org/rec/bib/journals/ieicet/DinhYHH13},
  bibsource = {dblp computer science bibliography, http://dblp.org}
}

@inproceedings{mcdaniel13,
  author    = {Jeffrey McDaniel and
               Auralila Baez and
               Brian Crites and
               Aditya Tammewar and
               Philip Brisk},
  title     = {Design and verification tools for continuous fluid flow-based microfluidic
               devices},
  booktitle = {18th Asia and South Pacific Design Automation Conference, {ASP-DAC}
               2013, Yokohama, Japan, January 22-25, 2013},
  pages     = {219--224},
  year      = {2013},
  url       = {https://doi.org/10.1109/ASPDAC.2013.6509599},
  doi       = {10.1109/ASPDAC.2013.6509599},
  timestamp = {Fri, 26 May 2017 00:50:29 +0200},
  biburl    = {http://dblp.org/rec/bib/conf/aspdac/McDanielBCTB13},
  bibsource = {dblp computer science bibliography, http://dblp.org}
}

@inproceedings{minhass13,
  author    = {Wajid Hassan Minhass and
               Paul Pop and
               Jan Madsen and
               Tsung{-}Yi Ho},
  title     = {Control synthesis for the flow-based microfluidic large-scale integration
               biochips},
  booktitle = {18th Asia and South Pacific Design Automation Conference, {ASP-DAC}
               2013, Yokohama, Japan, January 22-25, 2013},
  pages     = {205--212},
  year      = {2013},
  url       = {https://doi.org/10.1109/ASPDAC.2013.6509597},
  doi       = {10.1109/ASPDAC.2013.6509597},
  timestamp = {Sat, 16 Sep 2017 12:10:49 +0200},
  biburl    = {http://dblp.org/rec/bib/conf/aspdac/MinhassPMH13},
  bibsource = {dblp computer science bibliography, http://dblp.org}
}

@inproceedings{tseng13a,
  author    = {Kai{-}Han Tseng and
               Sheng{-}Chi You and
               Wajid Hassan Minhass and
               Tsung{-}Yi Ho and
               Paul Pop},
  title     = {A network-flow based valve-switching aware binding algorithm for flow-based
               microfluidic biochips},
  booktitle = {18th Asia and South Pacific Design Automation Conference, {ASP-DAC}
               2013, Yokohama, Japan, January 22-25, 2013},
  pages     = {213--218},
  year      = {2013},
  url       = {https://doi.org/10.1109/ASPDAC.2013.6509598},
  doi       = {10.1109/ASPDAC.2013.6509598},
  timestamp = {Fri, 26 May 2017 00:50:28 +0200},
  biburl    = {http://dblp.org/rec/bib/conf/aspdac/TsengYMHP13},
  bibsource = {dblp computer science bibliography, http://dblp.org}
}

@inproceedings{tseng13b,
  author    = {Kai{-}Han Tseng and
               Sheng{-}Chi You and
               Jhe{-}Yu Liou and
               Tsung{-}Yi Ho},
  title     = {A top-down synthesis methodology for flow-based microfluidic biochips
               considering valve-switching minimization},
  booktitle = {International Symposium on Physical Design, ISPD'13, Stateline, NV,
               USA, March 24-27, 2013},
  pages     = {123--129},
  year      = {2013},
  url       = {http://doi.acm.org/10.1145/2451916.2451948},
  doi       = {10.1145/2451916.2451948},
  timestamp = {Wed, 08 Feb 2017 16:00:22 +0100},
  biburl    = {http://dblp.org/rec/bib/conf/ispd/TsengYLH13},
  bibsource = {dblp computer science bibliography, http://dblp.org}
}

@inproceedings{lin14,
  author    = {Chun{-}Xun Lin and
               Chih{-}Hung Liu and
               I{-}Che Chen and
               D. T. Lee and
               Tsung{-}Yi Ho},
  title     = {An Efficient Bi-criteria Flow Channel Routing Algorithm For Flow-based
               Microfluidic Biochips},
  booktitle = {The 51st Annual Design Automation Conference 2014, {DAC} '14, San
               Francisco, CA, USA, June 1-5, 2014},
  pages     = {141:1--141:6},
  year      = {2014},
  url       = {http://doi.acm.org/10.1145/2593069.2593084},
  doi       = {10.1145/2593069.2593084},
  timestamp = {Fri, 21 Aug 2015 14:55:34 +0200},
  biburl    = {http://dblp.org/rec/bib/conf/dac/LinLCLH14},
  bibsource = {dblp computer science bibliography, http://dblp.org}
}

@inproceedings{mcdaniel14,
  author    = {Jeffrey McDaniel and
               Brendon Parker and
               Philip Brisk},
  title     = {Simulated annealing-based placement for microfluidic large scale integration
               (mLSI) chips},
  booktitle = {22nd International Conference on Very Large Scale Integration, VLSI-SoC,
               Playa del Carmen, Mexico, October 6-8, 2014},
  pages     = {1--6},
  year      = {2014},
  url       = {https://doi.org/10.1109/VLSI-SoC.2014.7004170},
  doi       = {10.1109/VLSI-SoC.2014.7004170},
  timestamp = {Wed, 24 May 2017 08:29:32 +0200},
  biburl    = {http://dblp.org/rec/bib/conf/vlsi/McDanielPB14},
  bibsource = {dblp computer science bibliography, http://dblp.org}
}

@article{mcdaniel15,
  author    = {Jeffrey McDaniel and
               Brian Crites and
               Philip Brisk and
               William H. Grover},
  title     = {Flow-Layer Physical Design for Microchips Based on Monolithic Membrane
               Valves},
  journal   = {{IEEE} Design {\&} Test},
  volume    = {32},
  number    = {6},
  pages     = {51--59},
  year      = {2015},
  url       = {https://doi.org/10.1109/MDAT.2015.2459699},
  doi       = {10.1109/MDAT.2015.2459699},
  timestamp = {Mon, 05 Jun 2017 20:50:50 +0200},
  biburl    = {http://dblp.org/rec/bib/journals/dt/McDanielCBG15},
  bibsource = {dblp computer science bibliography, http://dblp.org}
}

@article{tseng15,
  author    = {Tsun{-}Ming Tseng and
               Bing Li and
               Ulf Schlichtmann and
               Tsung{-}Yi Ho},
  title     = {Storage and Caching: Synthesis of Flow-Based Microfluidic Biochips},
  journal   = {{IEEE} Design {\&} Test},
  volume    = {32},
  number    = {6},
  pages     = {69--75},
  year      = {2015},
  url       = {https://doi.org/10.1109/MDAT.2015.2492473},
  doi       = {10.1109/MDAT.2015.2492473},
  timestamp = {Thu, 28 Sep 2017 13:37:48 +0200},
  biburl    = {http://dblp.org/rec/bib/journals/dt/TsengLSH15},
  bibsource = {dblp computer science bibliography, http://dblp.org}
}

@inproceedings{yao15a,
  author    = {Hailong Yao and
               Tsung{-}Yi Ho and
               Yici Cai},
  title     = {{PACOR:} practical control-layer routing flow with length-matching
               constraint for flow-based microfluidic biochips},
  booktitle = {Proceedings of the 52nd Annual Design Automation Conference, San Francisco,
               CA, USA, June 7-11, 2015},
  pages     = {142:1--142:6},
  year      = {2015},
  url       = {http://doi.acm.org/10.1145/2744769.2744887},
  doi       = {10.1145/2744769.2744887},
  timestamp = {Tue, 30 Jun 2015 16:34:09 +0200},
  biburl    = {http://dblp.org/rec/bib/conf/dac/YaoHC15},
  bibsource = {dblp computer science bibliography, http://dblp.org}
}

@article{yao15b,
  author    = {Hailong Yao and
               Qin Wang and
               Yizhong Ru and
               Yici Cai and
               Tsung{-}Yi Ho},
  title     = {Integrated Flow-Control Codesign Methodology for Flow-Based Microfluidic
               Biochips},
  journal   = {{IEEE} Design {\&} Test},
  volume    = {32},
  number    = {6},
  pages     = {60--68},
  year      = {2015},
  url       = {https://doi.org/10.1109/MDAT.2015.2449180},
  doi       = {10.1109/MDAT.2015.2449180},
  timestamp = {Thu, 27 Jul 2017 10:19:30 +0200},
  biburl    = {http://dblp.org/rec/bib/journals/dt/YaoWRCH15},
  bibsource = {dblp computer science bibliography, http://dblp.org}
}


@inproceedings{eskesen16,
  author    = {Morten Chabert Eskesen and
               Paul Pop and
               Seetal Potluri},
  title     = {Architecture synthesis for cost-constrained fault-tolerant flow-based
               biochips},
  booktitle = {2016 Design, Automation {\&} Test in Europe Conference {\&}
               Exhibition, {DATE} 2016, Dresden, Germany, March 14-18, 2016},
  pages     = {618--623},
  year      = {2016},
  url       = {http://ieeexplore.ieee.org/document/7459385/},
  timestamp = {Sun, 30 Apr 2017 09:41:48 +0200},
  biburl    = {http://dblp.org/rec/bib/conf/date/EskesenPP16},
  bibsource = {dblp computer science bibliography, http://dblp.org}
}

@inproceedings{li16,
  author    = {Mengchu Li and
               Tsun{-}Ming Tseng and
               Bing Li and
               Tsung{-}Yi Ho and
               Ulf Schlichtmann},
  title     = {Sieve-valve-aware synthesis of flow-based microfluidic biochips considering
               specific biological execution limitations},
  booktitle = {2016 Design, Automation {\&} Test in Europe Conference {\&}
               Exhibition, {DATE} 2016, Dresden, Germany, March 14-18, 2016},
  pages     = {624--629},
  year      = {2016},
  url       = {http://ieeexplore.ieee.org/document/7459386/},
  timestamp = {Thu, 28 Sep 2017 13:37:47 +0200},
  biburl    = {http://dblp.org/rec/bib/conf/date/LiTLHS16},
  bibsource = {dblp computer science bibliography, http://dblp.org}
}

@inproceedings{tseng16,
  author    = {Tsun{-}Ming Tseng and
               Mengchu Li and
               Bing Li and
               Tsung{-}Yi Ho and
               Ulf Schlichtmann},
  title     = {Columba: co-layout synthesis for continuous-flow microfluidic biochips},
  booktitle = {Proceedings of the 53rd Annual Design Automation Conference, {DAC}
               2016, Austin, TX, USA, June 5-9, 2016},
  pages     = {147:1--147:6},
  year      = {2016},
  url       = {http://doi.acm.org/10.1145/2897937.2897997},
  doi       = {10.1145/2897937.2897997},
  timestamp = {Thu, 28 Sep 2017 13:37:46 +0200},
  biburl    = {http://dblp.org/rec/bib/conf/dac/TsengLLHS16},
  bibsource = {dblp computer science bibliography, http://dblp.org}
}

@inproceedings{wang16,
  author    = {Qin Wang and
               Yizhong Ru and
               Hailong Yao and
               Tsung{-}Yi Ho and
               Yici Cai},
  title     = {Sequence-pair-based placement and routing for flow-based microfluidic
               biochips},
  booktitle = {21st Asia and South Pacific Design Automation Conference, {ASP-DAC}
               2016, Macao, Macao, January 25-28, 2016},
  pages     = {587--592},
  year      = {2016},
  url       = {https://doi.org/10.1109/ASPDAC.2016.7428075},
  doi       = {10.1109/ASPDAC.2016.7428075},
  timestamp = {Fri, 26 May 2017 00:50:30 +0200},
  biburl    = {http://dblp.org/rec/bib/conf/aspdac/WangRYHC16},
  bibsource = {dblp computer science bibliography, http://dblp.org}
}

@inproceedings{crites17,
  author    = {Brian Crites and
               Karen Kong and
               Philip Brisk},
  title     = {Reducing Microfluidic Very Large Scale Integration (mVLSI) Chip Area
               by Seam Carving},
  booktitle = {Proceedings of the on Great Lakes Symposium on {VLSI} 2017, Banff,
               AB, Canada, May 10-12, 2017},
  pages     = {459--462},
  year      = {2017},
  url       = {http://doi.acm.org/10.1145/3060403.3060461},
  doi       = {10.1145/3060403.3060461},
  timestamp = {Fri, 19 May 2017 12:18:07 +0200},
  biburl    = {http://dblp.org/rec/bib/conf/glvlsi/CritesKB17},
  bibsource = {dblp computer science bibliography, http://dblp.org}
}

@inproceedings{grimmer17,
  author    = {Andreas Grimmer and
               Qin Wang and
               Hailong Yao and
               Tsung{-}Yi Ho and
               Robert Wille},
  title     = {Close-to-optimal placement and routing for continuous-flow microfluidic
               biochips},
  booktitle = {22nd Asia and South Pacific Design Automation Conference, {ASP-DAC}
               2017, Chiba, Japan, January 16-19, 2017},
  pages     = {530--535},
  year      = {2017},
  url       = {https://doi.org/10.1109/ASPDAC.2017.7858377},
  doi       = {10.1109/ASPDAC.2017.7858377},
  timestamp = {Fri, 26 May 2017 00:50:35 +0200},
  biburl    = {http://dblp.org/rec/bib/conf/aspdac/GrimmerWYHW17},
  bibsource = {dblp computer science bibliography, http://dblp.org}
}

@article{hu17,
  author    = {Kai Hu and
               Trung Anh Dinh and
               Tsung{-}Yi Ho and
               Krishnendu Chakrabarty},
  title     = {Control-Layer Routing and Control-Pin Minimization for Flow-Based
               Microfluidic Biochips},
  journal   = {{IEEE} Trans. on {CAD} of Integrated Circuits and Systems},
  volume    = {36},
  number    = {1},
  pages     = {55--68},
  year      = {2017},
  url       = {https://doi.org/10.1109/TCAD.2016.2568198},
  doi       = {10.1109/TCAD.2016.2568198},
  timestamp = {Thu, 27 Jul 2017 10:19:16 +0200},
  biburl    = {http://dblp.org/rec/bib/journals/tcad/HuDHC17},
  bibsource = {dblp computer science bibliography, http://dblp.org}
}

@inproceedings{huang17,
  author    = {Wei{-}Lun Huang and
               Ankur Gupta and
               Sudip Roy and
               Tsung{-}Yi Ho and
               Paul Pop},
  title     = {Fast architecture-level synthesis of fault-tolerant flow-based microfluidic
               biochips},
  booktitle = {Design, Automation {\&} Test in Europe Conference {\&} Exhibition,
               {DATE} 2017, Lausanne, Switzerland, March 27-31, 2017},
  pages     = {1667--1672},
  year      = {2017},
  url       = {https://doi.org/10.23919/DATE.2017.7927262},
  doi       = {10.23919/DATE.2017.7927262},
  timestamp = {Mon, 14 Aug 2017 16:15:29 +0200},
  biburl    = {http://dblp.org/rec/bib/conf/date/HuangG0HP17},
  bibsource = {dblp computer science bibliography, http://dblp.org}
}

@inproceedings{li17,
  author    = {Mengchu Li and
               Tsun{-}Ming Tseng and
               Bing Li and
               Tsung{-}Yi Ho and
               Ulf Schlichtmann},
  title     = {Component-Oriented High-level Synthesis for Continuous-Flow Microfluidics
               Considering Hybrid-Scheduling},
  booktitle = {Proceedings of the 54th Annual Design Automation Conference, {DAC}
               2017, Austin, TX, USA, June 18-22, 2017},
  pages     = {51:1--51:6},
  year      = {2017},
  url       = {http://doi.acm.org/10.1145/3061639.3062213},
  doi       = {10.1145/3061639.3062213},
  timestamp = {Thu, 28 Sep 2017 13:37:46 +0200},
  biburl    = {http://dblp.org/rec/bib/conf/dac/LiTLHS17},
  bibsource = {dblp computer science bibliography, http://dblp.org}
}

@inproceedings{liu17,
  author    = {Chunfeng Liu and
               Bing Li and
               Hailong Yao and
               Paul Pop and
               Tsung{-}Yi Ho and
               Ulf Schlichtmann},
  title     = {Transport or Store?: Synthesizing Flow-based Microfluidic Biochips
               using Distributed Channel Storage},
  booktitle = {Proceedings of the 54th Annual Design Automation Conference, {DAC}
               2017, Austin, TX, USA, June 18-22, 2017},
  pages     = {49:1--49:6},
  year      = {2017},
  url       = {http://doi.acm.org/10.1145/3061639.3062334},
  doi       = {10.1145/3061639.3062334},
  timestamp = {Thu, 28 Sep 2017 13:37:46 +0200},
  biburl    = {http://dblp.org/rec/bib/conf/dac/LiuLYPHS17},
  bibsource = {dblp computer science bibliography, http://dblp.org}
}

@article{minhass17,
  author    = {Wajid Hassan Minhass and
               Jeffrey McDaniel and
		Michael Raagaard and
		Philip Brisk and
               Paul Pop and
               Jan Madsen},
  title     = {Scheduling and Fluid Routing for Flow-Based Microfluidic Laboratories-on-a-Chip},
  journal   = {{IEEE} Trans. on {CAD} of Integrated Circuits and Systems},
  volume    = {PP},
  number    = {99},
  year      = {2017},
  url       = {http://dx.doi.org/10.1109/TCAD.2017.2729463},
  doi       = {10.1109/TCAD.2017.2729463}
}

@inproceedings{potluri17,
  author    = {Seetal Potluri and
               Alexander Schneider and
               Martin Horslev{-}Petersen and
               Paul Pop and
               Jan Madsen},
  title     = {Synthesis of on-chip control circuits for mVLSI biochips},
  booktitle = {Design, Automation {\&} Test in Europe Conference {\&} Exhibition,
               {DATE} 2017, Lausanne, Switzerland, March 27-31, 2017},
  pages     = {1799--1804},
  year      = {2017},
  url       = {https://doi.org/10.23919/DATE.2017.7927284},
  doi       = {10.23919/DATE.2017.7927284},
  timestamp = {Sat, 16 Sep 2017 12:12:05 +0200},
  biburl    = {http://dblp.org/rec/bib/conf/date/PotluriSHPM17},
  bibsource = {dblp computer science bibliography, http://dblp.org}
}

@article{tseng17,
  author    = {Tsun{-}Ming Tseng and
               Mengchu Li and
		Daniel Nestor Freitas and
		Travis McAuley and
               Bing Li and
               Tsung{-}Yi Ho and
		Ismail Emre Araci and
               Ulf Schlichtmann},
  title     = {Columba 2.0: A Co-Layout Synthesis Tool for Continuous-Flow Microfluidic Biochips},
  journal   = {{IEEE} Trans. on {CAD} of Integrated Circuits and Systems},
  volume    = {PP},
  number    = {99},
  year      = {2017},
  url       = {http://dx.doi.org/10.1109/TCAD.2017.2760628},
  doi       = {10.1109/TCAD.2017.2760628}
}

@inproceedings{wang17,
  author    = {Qin Wang and
               Shiliang Zuo and
               Hailong Yao and
               Tsung{-}Yi Ho and
               Bing Li and
               Ulf Schlichtmann and
               Yici Cai},
  title     = {Hamming-distance-based valve-switching optimization for control-layer
               multiplexing in flow-based microfluidic biochips},
  booktitle = {22nd Asia and South Pacific Design Automation Conference, {ASP-DAC}
               2017, Chiba, Japan, January 16-19, 2017},
  pages     = {524--529},
  year      = {2017},
  url       = {https://doi.org/10.1109/ASPDAC.2017.7858376},
  doi       = {10.1109/ASPDAC.2017.7858376},
  timestamp = {Thu, 28 Sep 2017 13:37:47 +0200},
  biburl    = {http://dblp.org/rec/bib/conf/aspdac/WangZYHLSC17},
  bibsource = {dblp computer science bibliography, http://dblp.org}
}


%
% DMFB Synthesis References
%

@article{Xu07,
  author    = {Tao Xu and
               William L. Hwang and
               Fei Su and
               Krishnendu Chakrabarty},
  title     = {Automated design of pin-constrained digital microfluidic biochips
               under droplet-interference constraints},
  journal   = {{JETC}},
  volume    = {3},
  number    = {3},
  pages     = {14},
  year      = {2007},
  url       = {http://doi.acm.org/10.1145/1295231.1295235},
  doi       = {10.1145/1295231.1295235},
  timestamp = {Wed, 11 Jan 2017 16:03:14 +0100},
  biburl    = {http://dblp.org/rec/bib/journals/jetc/XuHSC07},
  bibsource = {dblp computer science bibliography, http://dblp.org}
}

@article{lin10,
  author    = {Cliff Chiung{-}Yu Lin and
               Yao{-}Wen Chang},
  title     = {ILP-Based Pin-Count Aware Design Methodology for Microfluidic Biochips},
  journal   = {{IEEE} Trans. on {CAD} of Integrated Circuits and Systems},
  volume    = {29},
  number    = {9},
  pages     = {1315--1327},
  year      = {2010},
  url       = {https://doi.org/10.1109/TCAD.2010.2049157},
  doi       = {10.1109/TCAD.2010.2049157},
  timestamp = {Thu, 08 Jun 2017 09:02:15 +0200},
  biburl    = {http://dblp.org/rec/bib/journals/tcad/LinC10},
  bibsource = {dblp computer science bibliography, http://dblp.org}
}

@article{zhao11a,
  author    = {Yang Zhao and
               Tao Xu and
               Krishnendu Chakrabarty},
  title     = {Broadcast Electrode-Addressing and Scheduling Methods for Pin-Constrained
               Digital Microfluidic Biochips},
  journal   = {{IEEE} Trans. on {CAD} of Integrated Circuits and Systems},
  volume    = {30},
  number    = {7},
  pages     = {986--999},
  year      = {2011},
  url       = {https://doi.org/10.1109/TCAD.2011.2116250},
  doi       = {10.1109/TCAD.2011.2116250},
  timestamp = {Sat, 20 May 2017 00:23:50 +0200},
  biburl    = {http://dblp.org/rec/bib/journals/tcad/ZhaoXC11},
  bibsource = {dblp computer science bibliography, http://dblp.org}
}

@inproceedings{zhao11b,
  author    = {Yang Zhao and
               Krishnendu Chakrabarty},
  title     = {Co-optimization of droplet routing and pin assignment in disposable
               digital microfluidic biochips},
  booktitle = {Proceedings of the 2011 International Symposium on Physical Design,
               {ISPD} 2011, Santa Barbara, California, USA, March 27-30, 2011},
  pages     = {69--76},
  year      = {2011},
  url       = {http://doi.acm.org/10.1145/1960397.1960413},
  doi       = {10.1145/1960397.1960413},
  timestamp = {Wed, 08 Feb 2017 15:59:59 +0100},
  biburl    = {http://dblp.org/rec/bib/conf/ispd/ZhaoC11},
  bibsource = {dblp computer science bibliography, http://dblp.org}
}

@article{huang11a,
  author    = {Tsung{-}Wei Huang and
               Shih{-}Yuan Yeh and
               Tsung{-}Yi Ho},
  title     = {A Network-Flow Based Pin-Count Aware Routing Algorithm for Broadcast-Addressing
               {EWOD} Chips},
  journal   = {{IEEE} Trans. on {CAD} of Integrated Circuits and Systems},
  volume    = {30},
  number    = {12},
  pages     = {1786--1799},
  year      = {2011},
  url       = {https://doi.org/10.1109/TCAD.2011.2163158},
  doi       = {10.1109/TCAD.2011.2163158},
  timestamp = {Sat, 20 May 2017 00:23:48 +0200},
  biburl    = {http://dblp.org/rec/bib/journals/tcad/HuangYH11},
  bibsource = {dblp computer science bibliography, http://dblp.org}
}

@article{huang11b,
  author    = {Tsung{-}Wei Huang and
               Tsung{-}Yi Ho},
  title     = {A Two-Stage Integer Linear Programming-Based Droplet Routing Algorithm
               for Pin-Constrained Digital Microfluidic Biochips},
  journal   = {{IEEE} Trans. on {CAD} of Integrated Circuits and Systems},
  volume    = {30},
  number    = {2},
  pages     = {215--228},
  year      = {2011},
  url       = {https://doi.org/10.1109/TCAD.2010.2097190},
  doi       = {10.1109/TCAD.2010.2097190},
  timestamp = {Sat, 20 May 2017 00:23:54 +0200},
  biburl    = {http://dblp.org/rec/bib/journals/tcad/HuangH11},
  bibsource = {dblp computer science bibliography, http://dblp.org}
}

@inproceedings{huang11c,
  author    = {Tsung{-}Wei Huang and
               Hong{-}Yan Su and
               Tsung{-}Yi Ho},
  title     = {Progressive network-flow based power-aware broadcast addressing for
               pin-constrained digital microfluidic biochips},
  booktitle = {Proceedings of the 48th Design Automation Conference, {DAC} 2011,
               San Diego, California, USA, June 5-10, 2011},
  pages     = {741--746},
  year      = {2011},
  url       = {http://doi.acm.org/10.1145/2024724.2024891},
  doi       = {10.1145/2024724.2024891},
  timestamp = {Tue, 06 Sep 2011 19:47:06 +0200},
  biburl    = {http://dblp.org/rec/bib/conf/dac/HuangSH11},
  bibsource = {dblp computer science bibliography, http://dblp.org}
}

@inproceedings{huang11d,
  author    = {Tsung{-}Wei Huang and
               Tsung{-}Yi Ho and
               Krishnendu Chakrabarty},
  title     = {Reliability-oriented broadcast electrode-addressing for pin-constrained
               digital microfluidic biochips},
  booktitle = {2011 {IEEE/ACM} International Conference on Computer-Aided Design,
               {ICCAD} 2011, San Jose, California, USA, November 7-10, 2011},
  pages     = {448--455},
  year      = {2011},
  url       = {https://doi.org/10.1109/ICCAD.2011.6105367},
  doi       = {10.1109/ICCAD.2011.6105367},
  timestamp = {Wed, 24 May 2017 08:31:13 +0200},
  biburl    = {http://dblp.org/rec/bib/conf/iccad/HuangHC11},
  bibsource = {dblp computer science bibliography, http://dblp.org}
}

@article{lin11,
  author    = {Cliff Chiung{-}Yu Lin and
               Yao{-}Wen Chang},
  title     = {Cross-Contamination Aware Design Methodology for Pin-Constrained Digital
               Microfluidic Biochips},
  journal   = {{IEEE} Trans. on {CAD} of Integrated Circuits and Systems},
  volume    = {30},
  number    = {6},
  pages     = {817--828},
  year      = {2011},
  url       = {https://doi.org/10.1109/TCAD.2011.2108010},
  doi       = {10.1109/TCAD.2011.2108010},
  timestamp = {Thu, 08 Jun 2017 09:02:15 +0200},
  biburl    = {http://dblp.org/rec/bib/journals/tcad/LinC11},
  bibsource = {dblp computer science bibliography, http://dblp.org}
}

@article{zhao12a,
  author    = {Yang Zhao and
               Krishnendu Chakrabarty and
               Ryan Sturmer and
               Vamsee K. Pamula},
  title     = {Optimization Techniques for the Synchronization of Concurrent Fluidic
               Operations in Pin-Constrained Digital Microfluidic Biochips},
  journal   = {{IEEE} Trans. {VLSI} Syst.},
  volume    = {20},
  number    = {6},
  pages     = {1132--1145},
  year      = {2012},
  url       = {https://doi.org/10.1109/TVLSI.2011.2145397},
  doi       = {10.1109/TVLSI.2011.2145397},
  timestamp = {Thu, 18 May 2017 09:50:46 +0200},
  biburl    = {http://dblp.org/rec/bib/journals/tvlsi/ZhaoCSP12},
  bibsource = {dblp computer science bibliography, http://dblp.org}
}

@article{zhao12b,
  author    = {Yang Zhao and
               Krishnendu Chakrabarty},
  title     = {Simultaneous Optimization of Droplet Routing and Control-Pin Mapping
               to Electrodes in Digital Microfluidic Biochips},
  journal   = {{IEEE} Trans. on {CAD} of Integrated Circuits and Systems},
  volume    = {31},
  number    = {2},
  pages     = {242--254},
  year      = {2012},
  url       = {https://doi.org/10.1109/TCAD.2011.2177836},
  doi       = {10.1109/TCAD.2011.2177836},
  timestamp = {Sat, 20 May 2017 00:23:54 +0200},
  biburl    = {http://dblp.org/rec/bib/journals/tcad/ZhaoC12},
  bibsource = {dblp computer science bibliography, http://dblp.org}
}

@article{roy12,
  author    = {Sudip Roy and
               Debasis Mitra and
               Bhargab B. Bhattacharya and
               Krishnendu Chakrabarty},
  title     = {Congestion-aware layout design for high-throughput digital microfluidic
               biochips},
  journal   = {{JETC}},
  volume    = {8},
  number    = {3},
  pages     = {17:1--17:23},
  year      = {2012},
  url       = {http://doi.acm.org/10.1145/2287696.2287700},
  doi       = {10.1145/2287696.2287700},
  timestamp = {Wed, 11 Jan 2017 16:03:14 +0100},
  biburl    = {http://dblp.org/rec/bib/journals/jetc/RoyMBC12},
  bibsource = {dblp computer science bibliography, http://dblp.org}
}

@article{luo13c,
  author    = {Yan Luo and
               Krishnendu Chakrabarty},
  title     = {Design of Pin-Constrained General-Purpose Digital Microfluidic Biochips},
  journal   = {{IEEE} Trans. on {CAD} of Integrated Circuits and Systems},
  volume    = {32},
  number    = {9},
  pages     = {1307--1320},
  year      = {2013},
  url       = {https://doi.org/10.1109/TCAD.2013.2260192},
  doi       = {10.1109/TCAD.2013.2260192},
  timestamp = {Sat, 20 May 2017 00:23:54 +0200},
  biburl    = {http://dblp.org/rec/bib/journals/tcad/LuoC13},
  bibsource = {dblp computer science bibliography, http://dblp.org}
}

@article{chang13,
  author    = {Jia{-}Wen Chang and
               Sheng{-}Han Yeh and
               Tsung{-}Wei Huang and
               Tsung{-}Yi Ho},
  title     = {Integrated Fluidic-Chip Co-Design Methodology for Digital Microfluidic
               Biochips},
  journal   = {{IEEE} Trans. on {CAD} of Integrated Circuits and Systems},
  volume    = {32},
  number    = {2},
  pages     = {216--227},
  year      = {2013},
  url       = {https://doi.org/10.1109/TCAD.2012.2224347},
  doi       = {10.1109/TCAD.2012.2224347},
  timestamp = {Sat, 20 May 2017 00:23:53 +0200},
  biburl    = {http://dblp.org/rec/bib/journals/tcad/ChangYHH13},
  bibsource = {dblp computer science bibliography, http://dblp.org}
}

@article{liu14,
  author    = {Shih{-}Ying Sean Liu and
               Chung{-}Hung Chang and
               Hung{-}Ming Chen and
               Tsung{-}Yi Ho},
  title     = {{ACER:} An Agglomerative Clustering Based Electrode Addressing and
               Routing Algorithm for Pin-Constrained {EWOD} Chips},
  journal   = {{IEEE} Trans. on {CAD} of Integrated Circuits and Systems},
  volume    = {33},
  number    = {9},
  pages     = {1316--1327},
  year      = {2014},
  url       = {https://doi.org/10.1109/TCAD.2014.2329415},
  doi       = {10.1109/TCAD.2014.2329415},
  timestamp = {Sat, 20 May 2017 00:23:51 +0200},
  biburl    = {http://dblp.org/rec/bib/journals/tcad/LiuCCH14},
  bibsource = {dblp computer science bibliography, http://dblp.org}
}

@article{yeh14,
  author    = {Sheng{-}Han Yeh and
               Jia{-}Wen Chang and
               Tsung{-}Wei Huang and
               Shang{-}Tsung Yu and
               Tsung{-}Yi Ho},
  title     = {Voltage-Aware Chip-Level Design for Reliability-Driven Pin-Constrained
               {EWOD} Chips},
  journal   = {{IEEE} Trans. on {CAD} of Integrated Circuits and Systems},
  volume    = {33},
  number    = {9},
  pages     = {1302--1315},
  year      = {2014},
  url       = {https://doi.org/10.1109/TCAD.2014.2331340},
  doi       = {10.1109/TCAD.2014.2331340},
  timestamp = {Sat, 20 May 2017 00:23:54 +0200},
  biburl    = {http://dblp.org/rec/bib/journals/tcad/YehCHYH14},
  bibsource = {dblp computer science bibliography, http://dblp.org}
}

@inproceedings{wang15,
  author    = {Qin Wang and
               Weiran He and
               Hailong Yao and
               Tsung{-}Yi Ho and
               Yici Cai},
  title     = {SVM-Based Routability-Driven Chip-Level Design for Voltage-Aware Pin-Constrained
               {EWOD} Chips},
  booktitle = {Proceedings of the 2015 Symposium on International Symposium on Physical
               Design, {ISPD} 2015, Monterey, CA, USA, March 29 - April 1, 2015},
  pages     = {49--56},
  year      = {2015},
  url       = {http://doi.acm.org/10.1145/2717764.2717777},
  doi       = {10.1145/2717764.2717777},
  timestamp = {Wed, 08 Feb 2017 16:00:48 +0100},
  biburl    = {http://dblp.org/rec/bib/conf/ispd/WangHYHC15},
  bibsource = {dblp computer science bibliography, http://dblp.org}
}

@article{dinh15,
  author    = {Trung Anh Dinh and
               Shigeru Yamashita and
               Tsung{-}Yi Ho},
  title     = {An Optimal Pin-Count Design With Logic Optimization for Digital Microfluidic
               Biochips},
  journal   = {{IEEE} Trans. on {CAD} of Integrated Circuits and Systems},
  volume    = {34},
  number    = {4},
  pages     = {629--641},
  year      = {2015},
  url       = {https://doi.org/10.1109/TCAD.2015.2394502},
  doi       = {10.1109/TCAD.2015.2394502},
  timestamp = {Sat, 20 May 2017 00:23:54 +0200},
  biburl    = {http://dblp.org/rec/bib/journals/tcad/DinhYH15},
  bibsource = {dblp computer science bibliography, http://dblp.org}
}

@article{yu15,
  author    = {Shang{-}Tsung Yu and
               Sheng{-}Han Yeh and
               Tsung{-}Yi Ho},
  title     = {Reliability-Driven Chip-Level Design for High-Frequency Digital Microfluidic
               Biochips},
  journal   = {{IEEE} Trans. on {CAD} of Integrated Circuits and Systems},
  volume    = {34},
  number    = {4},
  pages     = {529--539},
  year      = {2015},
  url       = {https://doi.org/10.1109/TCAD.2014.2387828},
  doi       = {10.1109/TCAD.2014.2387828},
  timestamp = {Sat, 20 May 2017 00:23:48 +0200},
  biburl    = {http://dblp.org/rec/bib/journals/tcad/YuYH15},
  bibsource = {dblp computer science bibliography, http://dblp.org}
}

@article{dinh16,
  author    = {Trung Anh Dinh and
               Shigeru Yamashita and
               Tsung{-}Yi Ho},
  title     = {A Full-Flexibility-Guaranteed Pin-Count Reduction Design for General-Purpose
               Digital Microfluidic Biochips},
  journal   = {{IEICE} Transactions},
  volume    = {99-A},
  number    = {2},
  pages     = {570--578},
  year      = {2016},
  url       = {http://search.ieice.org/bin/summary.php?id=e99-a_2_570},
  timestamp = {Fri, 12 Feb 2016 08:53:24 +0100},
  biburl    = {http://dblp.org/rec/bib/journals/ieicet/DinhYH16},
  bibsource = {dblp computer science bibliography, http://dblp.org}
}

@article{mcdaniel17,
  author    = {Jeffrey McDaniel and
               Zachary Zimmerman and
               Daniel T. Grissom and
               Philip Brisk},
  title     = {{PCB} Escape Routing and Layer Minimization for Digital Microfluidic
               Biochips},
  journal   = {{IEEE} Trans. on {CAD} of Integrated Circuits and Systems},
  volume    = {36},
  number    = {1},
  pages     = {69--82},
  year      = {2017},
  url       = {https://doi.org/10.1109/TCAD.2016.2568199},
  doi       = {10.1109/TCAD.2016.2568199},
  timestamp = {Thu, 27 Jul 2017 10:19:16 +0200},
  biburl    = {http://dblp.org/rec/bib/journals/tcad/McDanielZGB17},
  bibsource = {dblp computer science bibliography, http://dblp.org}
}

%
% Error Detection and Recovery
%

@article{zhao10,
  author    = {Yang Zhao and
               Tao Xu and
               Krishnendu Chakrabarty},
  title     = {Integrated control-path design and error recovery in the synthesis
               of digital microfluidic lab-on-chip},
  journal   = {{JETC}},
  volume    = {6},
  number    = {3},
  pages     = {11:1--11:28},
  year      = {2010},
  url       = {http://doi.acm.org/10.1145/1777401.1777404},
  doi       = {10.1145/1777401.1777404},
  timestamp = {Wed, 11 Jan 2017 16:03:14 +0100},
  biburl    = {http://dblp.org/rec/bib/journals/jetc/ZhaoXC10},
  bibsource = {dblp computer science bibliography, http://dblp.org}
}

@article{Luo13a,
  author    = {Yan Luo and
               Krishnendu Chakrabarty and
               Tsung{-}Yi Ho},
  title     = {Error Recovery in Cyberphysical Digital Microfluidic Biochips},
  journal   = {{IEEE} Trans. on {CAD} of Integrated Circuits and Systems},
  volume    = {32},
  number    = {1},
  pages     = {59--72},
  year      = {2013},
  url       = {https://doi.org/10.1109/TCAD.2012.2211104},
  doi       = {10.1109/TCAD.2012.2211104},
  timestamp = {Sat, 20 May 2017 00:23:54 +0200},
  biburl    = {http://dblp.org/rec/bib/journals/tcad/LuoCH13},
  bibsource = {dblp computer science bibliography, http://dblp.org}
}

@article{Luo13b,
  author    = {Yan Luo and
               Krishnendu Chakrabarty and
               Tsung{-}Yi Ho},
  title     = {Real-Time Error Recovery in Cyberphysical Digital-Microfluidic Biochips
               Using a Compact Dictionary},
  journal   = {{IEEE} Trans. on {CAD} of Integrated Circuits and Systems},
  volume    = {32},
  number    = {12},
  pages     = {1839--1852},
  year      = {2013},
  url       = {https://doi.org/10.1109/TCAD.2013.2277980},
  doi       = {10.1109/TCAD.2013.2277980},
  timestamp = {Sat, 20 May 2017 00:23:54 +0200},
  biburl    = {http://dblp.org/rec/bib/journals/tcad/LuoCH13a},
  bibsource = {dblp computer science bibliography, http://dblp.org}
}

@article{Hsieh14,
  author    = {Yi{-}Ling Hsieh and
               Tsung{-}Yi Ho and
               Krishnendu Chakrabarty},
  title     = {Biochip Synthesis and Dynamic Error Recovery for Sample Preparation
               Using Digital Microfluidics},
  journal   = {{IEEE} Trans. on {CAD} of Integrated Circuits and Systems},
  volume    = {33},
  number    = {2},
  pages     = {183--196},
  year      = {2014},
  url       = {https://doi.org/10.1109/TCAD.2013.2284010},
  doi       = {10.1109/TCAD.2013.2284010},
  timestamp = {Sat, 20 May 2017 00:23:54 +0200},
  biburl    = {http://dblp.org/rec/bib/journals/tcad/HsiehHC14},
  bibsource = {dblp computer science bibliography, http://dblp.org}
}

@article{Alistar15,
  author    = {Mirela Alistar and
               Paul Pop},
  title     = {Synthesis of biochemical applications on digital microfluidic biochips
               with operation execution time variability},
  journal   = {Integration},
  volume    = {51},
  pages     = {158--168},
  year      = {2015},
  url       = {https://doi.org/10.1016/j.vlsi.2015.02.004},
  doi       = {10.1016/j.vlsi.2015.02.004},
  timestamp = {Sat, 20 May 2017 00:22:53 +0200},
  biburl    = {http://dblp.org/rec/bib/journals/integration/AlistarP15},
  bibsource = {dblp computer science bibliography, http://dblp.org}
}

@article{Ibrahim15a,
  author    = {Mohamed Ibrahim and
               Krishnendu Chakrabarty},
  title     = {Efficient Error Recovery in Cyberphysical Digital-Microfluidic Biochips},
  journal   = {{IEEE} Trans. Multi-Scale Computing Systems},
  volume    = {1},
  number    = {1},
  pages     = {46--58},
  year      = {2015},
  url       = {https://doi.org/10.1109/TMSCS.2015.2478457},
  doi       = {10.1109/TMSCS.2015.2478457},
  timestamp = {Sun, 28 May 2017 13:21:19 +0200},
  biburl    = {http://dblp.org/rec/bib/journals/tmscs/IbrahimC15},
  bibsource = {dblp computer science bibliography, http://dblp.org}
}

@inproceedings{Ibrahim15b,
  author    = {Mohamed Ibrahim and
               Krishnendu Chakrabarty},
  title     = {Error recovery in digital microfluidics for personalized medicine},
  booktitle = {Proceedings of the 2015 Design, Automation {\&} Test in Europe
               Conference {\&} Exhibition, {DATE} 2015, Grenoble, France, March
               9-13, 2015},
  pages     = {247--252},
  year      = {2015},
  url       = {http://dl.acm.org/citation.cfm?id=2755807},
  timestamp = {Sun, 30 Apr 2017 09:41:47 +0200},
  biburl    = {http://dblp.org/rec/bib/conf/date/IbrahimC15},
  bibsource = {dblp computer science bibliography, http://dblp.org}
}

@article{alistar16,
  author    = {Mirela Alistar and
               Paul Pop and
               Jan Madsen},
  title     = {Synthesis of Application-Specific Fault-Tolerant Digital Microfluidic
               Biochip Architectures},
  journal   = {{IEEE} Trans. on {CAD} of Integrated Circuits and Systems},
  volume    = {35},
  number    = {5},
  pages     = {764--777},
  year      = {2016},
  url       = {https://doi.org/10.1109/TCAD.2016.2528498},
  doi       = {10.1109/TCAD.2016.2528498},
  timestamp = {Sat, 16 Sep 2017 12:03:32 +0200},
  biburl    = {http://dblp.org/rec/bib/journals/tcad/AlistarPM16},
  bibsource = {dblp computer science bibliography, http://dblp.org}
}

@article{Poddar16,
  author    = {Sudip Poddar and
               Sarmishtha Ghoshal and
               Krishnendu Chakrabarty and
               Bhargab B. Bhattacharya},
  title     = {Error-Correcting Sample Preparation with Cyberphysical Digital Microfluidic
               Lab-on-Chip},
  journal   = {{ACM} Trans. Design Autom. Electr. Syst.},
  volume    = {22},
  number    = {1},
  pages     = {2:1--2:29},
  year      = {2016},
  url       = {http://doi.acm.org/10.1145/2898999},
  doi       = {10.1145/2898999},
  timestamp = {Fri, 06 Jan 2017 18:45:33 +0100},
  biburl    = {http://dblp.org/rec/bib/journals/todaes/PoddarGCB16},
  bibsource = {dblp computer science bibliography, http://dblp.org}
}

@inproceedings{Ibrahim16a,
  author    = {Mohamed Ibrahim and
               Krishnendu Chakrabarty and
               Kristin Scott},
  title     = {Integrated and real-time quantitative analysis using cyberphysical
               digital-microfluidic biochips},
  booktitle = {2016 Design, Automation {\&} Test in Europe Conference {\&}
               Exhibition, {DATE} 2016, Dresden, Germany, March 14-18, 2016},
  pages     = {630--635},
  year      = {2016},
  url       = {http://ieeexplore.ieee.org/document/7459387/},
  timestamp = {Sun, 30 Apr 2017 09:41:48 +0200},
  biburl    = {http://dblp.org/rec/bib/conf/date/IbrahimCS16},
  bibsource = {dblp computer science bibliography, http://dblp.org}
}

@inproceedings{Ibrahim16b,
  author    = {Mohamed Ibrahim and
               Craig Boswell and
               Krishnendu Chakrabarty and
               Kristin Scott and
               Miroslav Pajic},
  title     = {A real-time digital-microfluidic platform for epigenetics},
  booktitle = {2016 International Conference on Compilers, Architectures and Synthesis
               for Embedded Systems, {CASES} 2016, Pittsburgh, Pennsylvania, USA,
               October 1-7, 2016},
  pages     = {10:1--10:10},
  year      = {2016},
  url       = {http://doi.acm.org/10.1145/2968455.2968516},
  doi       = {10.1145/2968455.2968516},
  timestamp = {Thu, 27 Oct 2016 13:01:23 +0200},
  biburl    = {http://dblp.org/rec/bib/conf/cases/IbrahimBCSP16},
  bibsource = {dblp computer science bibliography, http://dblp.org}
}



@article{Ibrahim17a,
  author    = {Mohamed Ibrahim and
               Krishnendu Chakrabarty and
               Kristin Scott},
  title     = {Synthesis of Cyberphysical Digital-Microfluidic Biochips for Real-Time
               Quantitative Analysis},
  journal   = {{IEEE} Trans. on {CAD} of Integrated Circuits and Systems},
  volume    = {36},
  number    = {5},
  pages     = {733--746},
  year      = {2017},
  url       = {https://doi.org/10.1109/TCAD.2016.2600626},
  doi       = {10.1109/TCAD.2016.2600626},
  timestamp = {Wed, 26 Jul 2017 18:02:16 +0200},
  biburl    = {http://dblp.org/rec/bib/journals/tcad/IbrahimCS17},
  bibsource = {dblp computer science bibliography, http://dblp.org}
}

@inproceedings{Ibrahim17b,
  author    = {Mohamed Ibrahim and
               Krishnendu Chakrabarty},
  title     = {Digital-microfluidic biochips for quantitative analysis: Bridging
               the Gap between microfluidics and microbiology},
  booktitle = {Design, Automation {\&} Test in Europe Conference {\&} Exhibition,
               {DATE} 2017, Lausanne, Switzerland, March 27-31, 2017},
  pages     = {1787--1792},
  year      = {2017},
  url       = {https://doi.org/10.23919/DATE.2017.7927282},
  doi       = {10.23919/DATE.2017.7927282},
  timestamp = {Mon, 14 Aug 2017 16:15:29 +0200},
  biburl    = {http://dblp.org/rec/bib/conf/date/IbrahimC17},
  bibsource = {dblp computer science bibliography, http://dblp.org}
}

@misc{smiles,
	author = {Daylight Chemical Information Systems},
    year = {2016},
    howpublished = {\url{http://www.daylight.com/dayhtml/doc/theory/theory.smiles.html}}
}

@article{hornbeck1991enzyme,
  title={Enzyme-linked immunosorbent assays},
  author={Hornbeck, Peter},
  journal={Current protocols in immunology},
  pages={2--1},
  year={1991},
  publisher={Wiley Online Library}
}

@article{McDaniel2013,
abstract = {BioCoder is a domain-specific language by which chemists and biologists can express experimental protocols in a manner that is unambiguous and clearly repeatable. This paper presents a software toolchain that converts a protocol specified in a restricted subset of BioCoder to a technology-specific description of the protocol, targeting flow-based microfluidic large-scale integration (mLSI) chips. The technology-specific description can then be used to either: (1) execute the protocol on a capable chip; or (2) to derive the architecture of a new mLSI chip that can execute the protocol. {\textcopyright} 2013 IEEE.},
author = {McDaniel, Jeffrey and Curtis, Christopher and Brisk, Philip},
doi = {10.1109/BioCAS.2013.6679649},
isbn = {9781479914715},
journal = {2013 IEEE Biomedical Circuits and Systems Conference, BioCAS 2013},
keywords = {continuous flow,domain-specific language,dsl,microfluidic Large Scale Integration (mLSI),pldi},
number = {1},
pages = {101--104},
title = {{Automatic synthesis of microfluidic large scale integration chips from a domain-specific language}},
year = {2013}
}

@article{mcdaniel2015flow,
  title={Flow-layer physical design for microchips based on monolithic membrane valves},
  author={McDaniel, Jeffrey and Crites, Brian and Brisk, Philip and Grover, William H},
  journal={IEEE Design \& Test},
  volume={32},
  number={6},
  pages={51--59},
  year={2015},
  publisher={IEEE}
}

@article{mcdaniel2018design,
  title={Design Automation for Flow-based Microfluidic Biochips},
  author={McDaniel, J and Crites, B and Curtis, C and Brisk, PL},
  journal={Mini-Symposium: Continuous-Flow Biochips: Technology, Testing, and Design for Fault-Tolerance and Reliability},
  pages={1},
  year={2018}
}
%
%
@ARTICLE{CURTIS_BIOCODER,
Author={Curtis, Christopher and Brisk, Philip},
TITLE={Simulation of feedback-driven PCR assays on a 2D electrowetting array using a domain-specific high-level biological programming language},
JOURNAL={Microelectronic Engineering},
VOLUME={148},
YEAR={2015},
    abstract = {},
PAGES={110-116}
}

@article{grissom2015open,
  title={An open-source compiler and PCB synthesis tool for digital microfluidic biochips},
  author={Grissom, Daniel and Curtis, Christopher and Windh, Skyler and Phung, Calvin and Kumar, Navin and Zimmerman, Zachary and Kenneth, O‘Neal and McDaniel, Jeffrey and Liao, Nick and Brisk, Philip},
  journal={Integration, the VLSI Journal},
  volume={51},
  pages={169--193},
  year={2015},
  publisher={Elsevier}
}

@article{joncour2014amidation,
  title={Amidation of phenol derivatives: a direct synthesis of paracetamol (acetaminophen) from hydroquinone},
  author={Joncour, Roxan and Duguet, Nicolas and M{\'e}tay, Estelle and Ferreira, Amad{\'e}o and Lemaire, Marc},
  journal={Green Chemistry},
  volume={16},
  number={6},
  pages={2997--3002},
  year={2014},
  publisher={Royal Society of Chemistry}
}

@misc{reaxysdatabase,
	author={Elsevier},
	title={Reaxys}, 
    url={https://new.reaxys.com/}, 
    journal={Reaxys},
    year={2009},
    urldate={2018-01-01}
}

@article{trader2013taming,
  title={Taming of a superbase for selective phenol desilylation and natural product isolation},
  author={Trader, Darci J and Carlson, Erin E},
  journal={The Journal of organic chemistry},
  volume={78},
  number={14},
  pages={7349--7355},
  year={2013},
  publisher={ACS Publications}
}

@article{cahn1886antifebrin,
  title={Das antifebrin, ein neues fiebermittel},
  author={Cahn, Arnold and Hepp, Paul},
  journal={Centralblatt f{\"u}r Klinische Medizin},
  volume={7},
  pages={561--564},
  year={1886}
}

@article{sadowski16,
title = "Harnessing QbD, Programming Languages, and Automation for Reproducible Biology",
journal = "Trends in Biotechnology",
volume = "34",
number = "3",
pages = "214 - 227",
year = "2016",
note = "Special Issue: Industrial Biotechnology",
issn = "0167-7799",
doi = "https://doi.org/10.1016/j.tibtech.2015.11.006",
url = "http://www.sciencedirect.com/science/article/pii/S0167779915002462",
author = "Michael I. Sadowski and Chris Grant and Tim S. Fell",
keywords = "quality by design, design of experiments, programming languages, laboratory automation, reproducibility, complexity"
}

@article{dobson2004chemical,
  title={Chemical space and biology},
  author={Dobson, Christopher M.},
  journal={Nature},
  volume={432},
  number={7019},
  pages={824},
  year={2004},
  publisher={Nature Publishing Group}
}

@misc{mullis_pcr_patent,
  title={Process for amplifying, detecting, and/or-cloning nucleic acid sequences},
  author={Mullis, Kary B. and Erlich, Henry A. and Arnheim, Norman and Horn, Glenn T. and Saiki, Randall K. and Scharf, Stephen J.},
  url={https://www.google.com/patents/US4683195},
  year={1987},
  month=jul # "~28",
  publisher={Google Patents},
  note={US Patent 4,683,195}
}

@article{tu2016artemisinin,
  title={Artemisinin—A gift from traditional Chinese medicine to the world (Nobel lecture)},
  author={Tu, Youyou},
  journal={Angewandte Chemie International Edition},
  volume={55},
  number={35},
  pages={10210--10226},
  year={2016},
  publisher={Wiley Online Library}
}

@inproceedings{curtis2018compiler,
  title={A compiler for cyber-physical digital microfluidic biochips},
  author={Curtis, Christopher and Grissom, Daniel and Brisk, Philip},
  booktitle={Proceedings of the 2018 International Symposium on Code Generation and Optimization},
  pages={365--377},
  year={2018},
  organization={ACM}
}

@inproceedings{bierman2010semantic,
  title={Semantic subtyping with an SMT solver},
  author={Bierman, Gavin M and Gordon, Andrew D and Hri{\c{t}}cu, C{\u{a}}t{\u{a}}lin and Langworthy, David},
  booktitle={ACM Sigplan Notices},
  volume={45},
  number={9},
  pages={105--116},
  year={2010},
  organization={ACM}
}

@misc{aihasite,
	author = {{American Industrial Hygiene Association}},
    note = {Accessed: 2016-11-08},
    howpublished = {\url{http://bit.ly/2eZtf1m}},
    ignore = {https://www.aiha.org/get-involved/VolunteerGroups/LabHSCommittee/Incident%20Pages/Lab-Safety-Explosions-Incidents.aspx},
    year = {2016}
}

@misc{csbtexaslabexplosion,
	author = {{U.S. Chemical Safety Board}},
    note = {Accessed: 2017-10-03},
    howpublished = {\url{http://bit.ly/2g9ZMp3}},
    ignore = {http://www.csb.gov/csb-releases-investigation-into-2010-texas-tech-laboratory-accident-case-study-identifies-systemic-deficiencies-in-university-safety-management-practices/}
}

@misc{uclatragedy,
	author = {{Benderly, Beryl Lieff}},
    year = {August 3, 2016},
    howpublished = {\url{http://bit.ly/2auZ5Rh}},
	url = {http://www.sciencemag.org/careers/2016/08/d-j-vu-all-over-again}
}

@misc{uhtragedy,
	author = {{Benderly, Beryl Lieff}},
    year = {July 7, 2016},
    howpublished = {\url{http://bit.ly/29xSA1O}},
    url = {http://www.sciencemag.org/careers/2016/07/report-uh-lab-explosion-reveals-deep-systemic-safety-failures}
}

@misc{epanoaa,
	author = {{Environmental Protection Agency \& National Oceanic and Atmospheric Administration}},
    year = {2016},
    howpublished = {\url{https://cameochemicals.noaa.gov/}},
    url = {https://cameochemicals.noaa.gov/}
}

@misc{scientificamericaunderreport,
	author = {John Dudley Miller},
    year = {2007},
    howpublished = {\url{https://www.scientificamerican.com/article/laboratory-letdowns/}},
    url = {https://www.scientificamerican.com/article/laboratory-letdowns/},
    note = {Accessed: 2017-10-07}
}

@misc{naturenoreportone,
	author = {de Lange, Catherine},
    year = {2013},
    howpublished = {\url{http://blogs.nature.com/naturejobs/2013/01/03/how-safe-is-your-lab}},
    url = {http://blogs.nature.com/naturejobs/2013/01/03/how-safe-is-your-lab},
    note = {Accessed: 2017-10-07}
}

@misc{naturenoreporttwo,
	author = {de Lange, Catherine},
    year = {2013},
    howpublished = {\url{http://blogs.nature.com/naturejobs/2013/01/08/unreported-lab-accidents-a-personal-story/}},
    url = {http://blogs.nature.com/naturejobs/2013/01/08/unreported-lab-accidents-a-personal-story/},
    note = {Accessed: 2017-10-07}
}

 @inproceedings{voelter2011language,
  title={Language and IDE Modularization and Composition with MPS},
  author={Voelter, Markus},
  booktitle={International Summer School on Generative and Transformational Techniques in Software Engineering},
  pages={383--430},
  year={2011},
  organization={Springer}
}

@misc{antha,
    author ={Synthace},
	title = {Antha-lang, Coding Biology.},
    note = {accessed: 2016-11-01},
	howpublished = {\url{https://www.antha-lang.org}},
    date = {2016-11-01},
    year = {2016}
}

@article{kim2015pubchem,
  title={PubChem substance and compound databases},
  author={Kim, Sunghwan and Thiessen, Paul A and Bolton, Evan E and Chen, Jie and Fu, Gang and Gindulyte, Asta and Han, Lianyi and He, Jane and He, Siqian and Shoemaker, Benjamin A and others},
  journal={Nucleic acids research},
  volume={44},
  number={D1},
  pages={D1202--D1213},
  year={2015},
  publisher={Oxford University Press}
}

@misc{chlorinepoolboom,
    author={Swimming Pool Help Blog},
	title={Swimming pool chemical incident},
    howpublished={\url{http://bit.ly/2gghGZI}},
    note = {accessed: 2016-11-01},
    urldate = {2016-11-10},
	year = {2016}
}

@ARTICLE{Grissom_JetC,
	AUTHOR = "Grissom, Daniel and Curtis, Christopher and Brisk, Philip",
	TITLE = "Interpreting Assays with Control Flow on Digital Microfluidic Biochips",
	JOURNAL = "ACM Journal on Emerging Technologies (JETC) in Computing Systems",
	VOLUME = {10},
    ISSUE = {3},
    MONTH = {April},
    ARTILCE = {24},
    YEAR = {2014}
}

@ARTICLE{Thies_BioCoder,
	AUTHOR = " Ananthanarayanan, Vaishnavi and Thies, William",
	TITLE = "Biocoder: A programming language for standardizing and automating biology protocols",
	JOURNAL = "Journal of Biological Engineering",
    VOLUME = {4},
    ARTICLE = {13},
    Month = {NOV},
    YEAR = {2010}    
}

@InProceedings{Dunfield12:elaboration,
    author =    {Joshua Dunfield},
    title =     {Elaborating Intersection and Union Types},
    booktitle = {Int'l Conf. Functional Programming},
    month =     sep,
    year =      {2012},
    note =      {\url{arXiv:1206.5386 [cs.PL]}}
}

@article{pierce1991programming,
  title={Programming with intersection types, union types, and polymorphism},
  author={Pierce, Benjamin C},
  year={1991}
}

@article{barbanera1995intersection,
  title={Intersection and union types: syntax and semantics},
  author={Barbanera, Franco and Dezaniciancaglini, Mariangiola and Deliguoro, Ugo},
  journal={Information and Computation},
  volume={119},
  number={2},
  pages={202--230},
  year={1995},
  publisher={Elsevier}
}

@Inbook{Barbanera1991,
author="Barbanera, Franco
and Dezani-Ciancaglini, Mariangiola",
editor="Ito, Takayasu
and Meyer, Albert R.",
title="Intersection and union types",
bookTitle="Theoretical Aspects of Computer Software: International Conference TACS '91 Sendai, Japan, September 24--27, 1991 Proceedings",
year="1991",
publisher="Springer Berlin Heidelberg",
address="Berlin, Heidelberg",
pages="651--674",
abstract="A type assignment with union and intersection types is introduced. Relevant syntactical and semantic properties of this system are proved.",
isbn="978-3-540-47617-7",
doi="10.1007/3-540-54415-1_69",
url="https://doi.org/10.1007/3-540-54415-1_69"
}

@article{de2008z3,
  title={Z3: An efficient SMT solver},
  author={De Moura, Leonardo and Bj{\o}rner, Nikolaj},
  journal={Tools and Algorithms for the Construction and Analysis of Systems},
  pages={337--340},
  year={2008},
  publisher={Springer}
}

@article{barrett2009satisfiability,
  title={Satisfiability Modulo Theories.},
  author={Barrett, Clark W and Sebastiani, Roberto and Seshia, Sanjit A and Tinelli, Cesare},
  journal={Handbook of satisfiability},
  volume={185},
  pages={825--885},
  year={2009}
}

@article{de2011satisfiability,
  title={Satisfiability modulo theories: introduction and applications},
  author={De Moura, Leonardo and Bj{\o}rner, Nikolaj},
  journal={Communications of the ACM},
  volume={54},
  number={9},
  pages={69--77},
  year={2011},
  publisher={ACM}
}

@book{pierce2002types,
  title={Types and programming languages},
  author={Pierce, Benjamin C},
  year={2002},
  publisher={MIT press}
}

@phdthesis{singer2005ssi,
title={Static Program Analysis based on Virtual Register Renaming},
author={Singer, Jeremy},
year={2005},
school={University of Cambridge, UK}
}

@article{boissinot12,
  author    = {Benoit Boissinot and
               Philip Brisk and
               Alain Darte and
               Fabrice Rastello},
  title     = {{SSI} Properties Revisited},
  journal   = {{ACM} Trans. Embedded Comput. Syst.},
  volume    = {11},
  number    = {{S1}},
  pages     = {21},
  year      = {2012},
  url       = {http://doi.acm.org/10.1145/2180887.2180898},
  doi       = {10.1145/2180887.2180898},
  timestamp = {Fri, 02 Nov 2012 15:21:58 +0100},
  biburl    = {http://dblp.org/rec/bib/journals/tecs/BoissinotBDR12},
  bibsource = {dblp computer science bibliography, http://dblp.org}
}

@inproceedings{rosen1988global,
  title={Global value numbers and redundant computations},
  author={Rosen, Barry K and Wegman, Mark N and Zadeck, F Kenneth},
  booktitle={Proceedings of the 15th ACM SIGPLAN-SIGACT symposium on Principles of programming languages},
  pages={12--27},
  year={1988},
  organization={ACM}
}

@inproceedings{grissom2012digital,
  title={A digital microfluidic biochip synthesis framework},
  author={Grissom, Daniel and O'Neal, Kenneth and Preciado, Benjamin and Patel, Hiral and Doherty, Robert and Liao, Nick and Brisk, Philip},
  booktitle={VLSI and System-on-Chip (VLSI-SoC), 2012 IEEE/IFIP 20th International Conference on},
  pages={177--182},
  year={2012},
  organization={IEEE}
}

@misc{chemaxon,
	author = {ChemAxon},
    year = {2016},
    note = {Marvin was used for characterizing chemical structures, substructures and reactions, Marvin 16.10.3},
    howpublished = {\url{http://www.chemaxon.com}}
}

@article{Milner1978,
abstract = {The aim of this work is largely a practical one. A widely employed style of programming, particularly in structure-processing languages which impose no discipline of types, entails defining procedures which work well on objects of a wide variety. We present a formal type discipline for such polymorphic procedures in the context of a simple programming language, and a compile time type-checking algorithm W which enforces the discipline. A Semantic Soundness Theorem (based on a formal semantics for the language) states that well-type programs cannot "go wrong" and a Syntactic Soundness Theorem states that if W accepts a program then it is well typed. We also discuss extending these results to richer languages; a type-checking algorithm based on W is in fact already implemented and working, for the metalanguage ML in the Edinburgh LCF system. {\textcopyright} 1978.},
author = {Milner, Robin},
doi = {10.1016/0022-0000(78)90014-4},
isbn = {1600220000},
issn = {10902724},
journal = {Journal of Computer and System Sciences},
keywords = {chemtype,type system,typesystem},
number = {3},
pages = {348--375},
title = {{A theory of type polymorphism in programming}},
volume = {17},
year = {1978}
}


@article{Duggan1996,
abstract = {Type inference is the compile-time process of reconstructing missing type information in a program based on the usage of its variables. ML and Haskell are two languages where this aspect of compilation has enjoyed some popularity, allowing type information to be omitted while static type checking is still performed. Type inference may be expected to have some application in the prototyping and scripting languages which are becoming increasingly popular. A difficulty with type inference is the confusing and sometimes counter-intuitive diagnostics produced by the type checker as a result of type errors. A modification of the unification algorithm used in Hindley-Milner type inference is presented, which allows the specific reasoning which led to a program variable having a particular type to be recorded for type explanation. This approach is close to the intuitive process used in practice for debugging type errors. The algorithm is practical, and has been implemented in the Standard ML of New Jersey compiler. The modified unification algorithm also appears useful in other domains, including logic program debuggers and semantics-based programming environments.},
author = {Duggan, Dominic and Bent, Frederick},
doi = {10.1016/0167-6423(95)00007-0},
issn = {01676423},
journal = {Science of Computer Programming},
number = {1},
pages = {37--83},
title = {{Explaining type inference}},
volume = {27},
year = {1996}
}

@ARTICLE{Freedman_clinicalCosts,
AUTHOR = {Freedman, L.P. and Cockburn, I.M. and Simcoe, T.S.},
TITLE= {The Economics of Reproducibility in Preclinical Research},
JOURNAL={PLoS Biol},
VOLUME={13},
ISSUE={6},
YEAR={2015}
}

@ARTICLE{Soldatova_EXACT,
	AUTHOR = "Soldatova, Larisa N. and Aubrey, Wayne and King, Ross D. and  Clare, Amanda",
	TITLE = "The EXACT description of biomedical protocols",
	JOURNAL = "Bioinformatics",
    VOLUME = {24},
    ARTICLE = {13},
    Month = {JUL},
    YEAR = {2008}   
} 

@article{galdzicki2014synthetic,
  title={The Synthetic Biology Open Language (SBOL) provides a community standard for communicating designs in synthetic biology},
  author={Galdzicki, Michal and Clancy, Kevin P and Oberortner, Ernst and Pocock, Matthew and Quinn, Jacqueline Y and Rodriguez, Cesar A and Roehner, Nicholas and Wilson, Mandy L and Adam, Laura and Anderson, J Christopher and others},
  journal={Nature biotechnology},
  volume={32},
  number={6},
  pages={545--550},
  year={2014},
  publisher={Nature Publishing Group}
}

@article{pike2009go,
  title={The Go Programming Language},
  author={Pike, Rob},
  journal={Talk given at Google’s Tech Talks},
  year={2009}
}

@article{ThiesMINMIX,
    title = {Abstraction layers for scalable microfluidic biocomputing},
    year = {2007},
    journal = {Natural Computing},
    author = {Thies, William and Urbanski, John Paul and Thorsen, Todd and Amarasinghe, Saman},
    number = {2},
    month = {5},
    pages = {255--275},
    volume = {7}
}

@phdthesis{Ananian1999,
abstract = {The Static Single Information (SSI) form is a compiler intermediate representation that allows ecient sparse implementations of predicated analysis and backward dataow algorithms. It possesses several attractive graph-theoretic properties which aid in program analysis. An extension to SSI form, SSI+ , is also presented, along with a complete executable abstract semantics for the representation. Applications to abstract interpretation and hardware compilation are discussed. The SSI form has been implemented on the FLEX compiler infrastructure, and it has been used to implement several analyses and optimizations. Details on these predicated analysis techniques are presented, as well as data from the practical implementation.},
author = {Ananian, Scott C. and Smith, Arthur C.},
keywords = {chemtype,compilers,ssi,static single information},
school = {Massachusetts Institue of Technology},
title = {{The Static Single Information Form}},
year = {1999}
}



% ==================================================================
% All other citations go above this
% ==================================================================
% ==================================================================
% DMFB Papers Below
% ==================================================================
% =================================
% Electrowetting basics
% =================================
@book{lippmann1875,
  title={Relations entre les ph{\'e}nom{\`e}nes {\'e}lectriques et capillaires},
  author={Lippmann, Gabriel},
  url={https://books.google.ch/books?id=IkqVNwAACAAJ},
  year={1875},
  publisher={Gauthier-Villars}
}

@article{mugele05,
    author = {Mugele, Frieder and Baret, Jeanchristophe},
    citeulike-article-id = {3046981},
    journal = {Journal of Physics: Condensed Matter},
    keywords = {electrowetting},
    pages = {R705--R774},
    posted-at = {2008-07-28 02:41:39},
    priority = {0},
    title = {{Electrowetting: from basics to applications}},
    volume = {17},
    year = {2005}
}

%
%  DMFB Papers
%

@article{pollack2002electrowetting,
  title={Electrowetting-based actuation of droplets for integrated microfluidics},
  author={Pollack, Michael G. and Shenderov, Alexander D. and Fair, Richard B.},
  journal={Lab on a Chip},
  volume={2},
  number={2},
  pages={96--101},
  year={2002},
  publisher={Royal Society of Chemistry}
}

@Article{noh2012,
   Author="Noh, Joo Hyon  and Noh, Jiyong  and Kreit, Eric  and Heikenfeld, Jason  and Rack, Philip D. ",
   Title="{{T}oward active-matrix lab-on-a-chip: programmable electrofluidic control enabled by arrayed oxide thin film transistors}",
   Journal="Lab Chip",
   Year="2012",
   Volume="12",
   Number="2",
   Pages="353--360",
   Month="Jan"
}

@Article{hadwen12,
   Author="Hadwen, Ben. and Broder, G. R.  and Morganti, D.  and Jacobs, A.  and Brown, C.  and Hector, J. R.  and Kubota, Y.  and Morgan, H. ",
   Title="{{P}rogrammable large area digital microfluidic array with integrated droplet sensing for bioassays}",
   Journal="Lab Chip",
   Year="2012",
   Volume="12",
   Number="18",
   Pages="3305--3313",
   Month="Sep"
}

@Article{OpenDrop17,
	AUTHOR = {Alistar, Mirela and Gaudenz, Urs},
	TITLE = {OpenDrop: An Integrated Do-It-Yourself Platform for Personal Use of Biochips},
	JOURNAL = {Bioengineering},
	VOLUME = {4},
	YEAR = {2017},
	NUMBER = {2},
	ARTICLE-NUMBER = {45},
	URL = {http://www.mdpi.com/2306-5354/4/2/45},
	ISSN = {2306-5354},
	DOI = {10.3390/bioengineering4020045}
}

% =================================
% Sensors, heaters, detectors, etc
% =================================
@article{luo_tcad15,
  author    = {Yan Luo and
               Bhargab B. Bhattacharya and
               Tsung{-}Yi Ho and
               Krishnendu Chakrabarty},
  title     = {Design and Optimization of a Cyberphysical Digital-Microfluidic Biochip
               for the Polymerase Chain Reaction},
  journal   = {{IEEE} Trans. on {CAD} of Integrated Circuits and Systems},
  volume    = {34},
  number    = {1},
  pages     = {29--42},
  year      = {2015},
  url       = {http://dx.doi.org/10.1109/TCAD.2014.2363396},
  doi       = {10.1109/TCAD.2014.2363396},
  timestamp = {Mon, 05 Jan 2015 15:23:45 +0100},
  biburl    = {http://dblp.uni-trier.de/rec/bib/journals/tcad/LuoBHC15},
  bibsource = {dblp computer science bibliography, http://dblp.org}
}

@article{suni08,
title = "Impedance methods for electrochemical sensors using nanomaterials ",
journal = "TrAC Trends in Analytical Chemistry ",
volume = "27",
number = "7",
pages = "604 - 611",
year = "2008",
note = "Electroanalysis Based on Nanomaterials ",
issn = "0165-9936",
doi = "http://dx.doi.org/10.1016/j.trac.2008.03.012",
url = "http://www.sciencedirect.com/science/article/pii/S0165993608001003",
author = "Ian I. Suni"
}

@Article{shih13,
   Author="Shih, Steve C.  and Barbulovic-Nad, Irena  and Yang, Xuning  and Fobel, Ryan  and Wheeler, Aaron R. ",
   Title="{{D}igital microfluidics with impedance sensing for integrated cell culture and analysis}",
   Journal="Biosens Bioelectron",
   Year="2013",
   Volume="42",
   Pages="314--320",
   Month="Apr"
}

@Article{shih11,
author ="Shih, Steve C. and Fobel, Ryan and Kumar, Paresh and Wheeler, Aaron R.",
title  ="A feedback control system for high-fidelity digital microfluidics",
journal  ="Lab Chip",
year  ="2011",
volume  ="11",
issue  ="3",
pages  ="535-540",
publisher  ="The Royal Society of Chemistry",
doi  ="10.1039/C0LC00223B",
url  ="http://dx.doi.org/10.1039/C0LC00223B"
}

@article{Ren04,
author = {Ren, Hong and Fair, Richard and Pollack, Michael G.},
year = {2004},
month = {03},
pages = {319-327},
title = {Automated on-chip droplet dispensing with volume control by electro-wetting actuation and capacitance metering},
volume = {98},
booktitle = {Sensors and Actuators B}
}

@article{srinivasan04,
author = {Srinivasan, Vijay and Pamula, Vamsee and Fair, Richard},
year = {2004},
month = {04},
pages = {145-150},
title = {Droplet-based microfluidic lab-on-a-chip for glucose detection},
volume = {507},
booktitle = {Analytica Chimica Acta}
}

@article{sadeghi12,
author = {Sadeghi, Saman and Ding, Huijiang and Shah, Gaurav J. and Chen, Supin and Keng, Pei Yuin and Kim, Chang-Jin “CJ” and van Dam, R. Michael},
title = {On Chip Droplet Characterization: A Practical, High-Sensitivity Measurement of Droplet Impedance in Digital Microfluidics},
journal = {Analytical Chemistry},
volume = {84},
number = {4},
pages = {1915-1923},
year = {2012},
doi = {10.1021/ac202715f},
note ={PMID: 22248060},
URL = {http://dx.doi.org/10.1021/ac202715f},
eprint = {http://dx.doi.org/10.1021/ac202715f}
}

@article{schertzer12,
author = {J. Schertzer, Michael and Ben Mrad, Ridha and Sullivan, Pierre},
year = {2012},
month = {03},
pages = {1-6},
title = {Automated detection of particle concentration and chemical reactions in EWOD devices},
volume = {164},
booktitle = {Sensors and Actuators B: Chemical}
}

@Article{gao13,
author ="Gao, Jie and Liu, Xianming and Chen, Tianlan and Mak, Pui-In and Du, Yuguang and Vai, Mang-I and Lin, Bingcheng and Martins, Rui P.",
title  ="An intelligent digital microfluidic system with fuzzy-enhanced feedback for multi-droplet manipulation",
journal  ="Lab Chip",
year  ="2013",
volume  ="13",
issue  ="3",
pages  ="443-451",
publisher  ="The Royal Society of Chemistry",
doi  ="10.1039/C2LC41156C",
url  ="http://dx.doi.org/10.1039/C2LC41156C"
}

@Article{Gong08,
author ="Gong, Jian and Kim, CJ.",
title  ="All-electronic droplet generation on-chip with real-time feedback control for EWOD digital microfluidics",
journal  ="Lab Chip",
year  =“2008”,
volume  =“8”,
pages  =“898-906”,
publisher  ="The Royal Society of Chemistry",
doi  ="10.1039/B717417A",
url  ="http://dx.doi.org/10.1039/B717417A"
}

@Article{bhattacharjee12,
author ="Bhattacharjee, Biddut and Najjaran, Homayoun",
title  ="Droplet sensing by measuring the capacitance between coplanar electrodes in a digital microfluidic system",
journal  ="Lab Chip",
year  ="2012",
volume  ="12",
issue  ="21",
pages  ="4416-4423",
publisher  ="The Royal Society of Chemistry",
doi  ="10.1039/C2LC40647K",
url  ="http://dx.doi.org/10.1039/C2LC40647K"
}



@article{Li15,
author = {Yiyan Li and Hongzhong Li and R. Jacob Baker},
title ={A Low-Cost and High-Resolution Droplet Position Detector for an Intelligent Electrowetting on Dielectric Device},
journal = {Journal of Laboratory Automation},
volume = {20},
number = {6},
pages = {663-669},
year = {2015},
doi = {10.1177/2211068214566940},
note ={PMID: 25609255},
URL = {https://doi.org/10.1177/2211068214566940},
eprint = {https://doi.org/10.1177/2211068214566940}
}

@article{Luan12,
author = {Luan, Lin and White Royal, Matthew and Evans, Randall, and Fair, Richard B. and Jokerst, Nan M.},
year = {2012},
month = {June},
pages = {1794-1800},
title = {Chip Scale Optical Microresonator Sensors Integrated With Embedded Thin Film Photodetectors on Electrowetting Digital Microfluidics Platforms},
volume = {12},
issue = {6},
booktitle = {Sensors Journal, IEEE}
}

@article{Royal13,
author = {White Royal, Matthew and Jokerst, Nan M. and Fair, Richard},
year = {2013},
month = {12},
pages = {4733-4742},
title = {Droplet-Based Sensing: Optical Microresonator Sensors Embedded in Digital Electrowetting Microfluidics Systems},
volume = {13},
booktitle = {Sensors Journal, IEEE}
}

@Article{Lederer12,
author="Lederer, Thomas
and Clara, Stefan
and Jakoby, Bernhard
and Hilber, Wolfgang",
title="Integration of impedance spectroscopy sensors in a digital microfluidic platform",
journal="Microsystem Technologies",
year="2012",
month="Aug",
day="01",
volume="18",
number="7",
pages="1163--1180",
issn="1432-1858",
doi="10.1007/s00542-012-1464-6",
url="https://doi.org/10.1007/s00542-012-1464-6"
}


@Article{vo17,
author ="Vo, Philippe Q. N. and Husser, Mathieu C. and Ahmadi, Fatemeh and Sinha, Hugo and Shih, Steve C.",
title  ="Image-based feedback and analysis system for digital microfluidics",
journal  ="Lab Chip",
year  ="2017",
volume  ="17",
issue  ="20",
pages  ="3437-3446",
publisher  ="The Royal Society of Chemistry",
doi  ="10.1039/C7LC00826K",
url  ="http://dx.doi.org/10.1039/C7LC00826K"
}

@article{li_tcad17,
  author    = {	Li, Zipeng and 
		Lai, Kelvin Yi-Tse and 
		McCrone, John and 
		Yu, Po-Hsien, and 
		Chakrabarty, Krishnendu and 
		Pajic, Miroslav and 
		Ho, Tsung-Yi and 
		Lee, Chen-Yi},
  title     = {Efficient and Adaptive Error Recovery in a Micro-Electrode-Dot-Array Digital Microfluidic Biochip},
  journal   = {{IEEE} Trans. on {CAD} of Integrated Circuits and Systems},
  volume    = {PP},
  number    = {99},
  year      = {2017},
  url       = {http://dx.doi.org/10.1109/TCAD.2017.2729347},
  doi       = {10.1109/TCAD.2017.2729347}
}


% =================================
% DMFB Scheduling Papers
% =================================
@article{ding_tcad01,
  author    = {Jie Ding and
               Krishnendu Chakrabarty and
               Richard B. Fair},
  title     = {Scheduling of microfluidic operations for reconfigurabletwo-dimensional
               electrowetting arrays},
  journal   = {{IEEE} Trans. on {CAD} of Integrated Circuits and Systems},
  volume    = {20},
  number    = {12},
  pages     = {1463--1468},
  year      = {2001},
  url       = {http://dx.doi.org/10.1109/43.969439},
  doi       = {10.1109/43.969439},
  timestamp = {Fri, 18 Mar 2016 09:17:15 +0100},
  biburl    = {http://dblp.uni-trier.de/rec/bib/journals/tcad/DingCF01},
  bibsource = {dblp computer science bibliography, http://dblp.org}
}


@inproceedings{ricketts_date06,
  author    = {Andrew J. Ricketts and
               Kevin M. Irick and
               Narayanan Vijaykrishnan and
               Mary Jane Irwin},
  title     = {Priority scheduling in digital microfluidics-based biochips},
  booktitle = {Proceedings of the Conference on Design, Automation and Test in Europe,
               {DATE} 2006, Munich, Germany, March 6-10, 2006},
  pages     = {329--334},
  year      = {2006},
  crossref  = {DBLP:conf/date/2006p},
  url       = {http://dx.doi.org/10.1109/DATE.2006.244178},
  doi       = {10.1109/DATE.2006.244178},
  timestamp = {Wed, 11 Nov 2015 09:56:33 +0100},
  biburl    = {http://dblp.uni-trier.de/rec/bib/conf/date/RickettsIVI06},
  bibsource = {dblp computer science bibliography, http://dblp.org}
}

@article{su_jetc08,
  author    = {Fei Su and
               Krishnendu Chakrabarty},
  title     = {High-level synthesis of digital microfluidic biochips},
  journal   = {{JETC}},
  volume    = {3},
  number    = {4},
  year      = {2008},
  url       = {http://doi.acm.org/10.1145/1324177.1324178},
  doi       = {10.1145/1324177.1324178},
  timestamp = {Tue, 05 Feb 2008 12:58:29 +0100},
  biburl    = {http://dblp.uni-trier.de/rec/bib/journals/jetc/SuC08},
  bibsource = {dblp computer science bibliography, http://dblp.org}
}

@inproceedings{grissom_dac12,
  author    = {Daniel Grissom and
               Philip Brisk},
  title     = {Path scheduling on digital microfluidic biochips},
  booktitle = {The 49th Annual Design Automation Conference 2012, {DAC} '12, San
               Francisco, CA, USA, June 3-7, 2012},
  pages     = {26--35},
  year      = {2012},
  crossref  = {DBLP:conf/dac/2012},
  url       = {http://doi.acm.org/10.1145/2228360.2228367},
  doi       = {10.1145/2228360.2228367},
  timestamp = {Fri, 01 Jun 2012 11:13:22 +0200},
  biburl    = {http://dblp2.uni-trier.de/rec/bib/conf/dac/GrissomB12},
  bibsource = {dblp computer science bibliography, http://dblp.org}
}

@inproceedings{oneal_vlsisoc12,
  author    = {Kenneth O'Neal and
               Daniel Grissom and
               Philip Brisk},
  title     = {Force-Directed List Scheduling for Digital Microfluidic Biochips},
  booktitle = {20th {IEEE/IFIP} International Conference on {VLSI} and System-on-Chip,
               VLSI-SoC 2012, Santa Cruz, CA, USA, October 7-10, 2012},
  pages     = {7--11},
  year      = {2012},
  crossref  = {DBLP:conf/vlsi/2012soc},
  url       = {http://dx.doi.org/10.1109/VLSI-SoC.2012.6378997},
  doi       = {10.1109/VLSI-SoC.2012.6378997},
  timestamp = {Tue, 18 Dec 2012 17:21:48 +0100},
  biburl    = {http://dblp2.uni-trier.de/rec/bib/conf/vlsi/ONealGB12},
  bibsource = {dblp computer science bibliography, http://dblp.org}
}

@inproceedings{liu_socc2013,
  author    = {Chia{-}Hung Liu and
               Kuang{-}Cheng Liu and
               Juinn{-}Dar Huang},
  title     = {Latency-optimization synthesis with module selection for digital microfluidic
               biochips},
  booktitle = {2013 {IEEE} International {SOC} Conference, Erlangen, Germany, September
               4-6, 2013},
  pages     = {159--164},
  year      = {2013},
  crossref  = {DBLP:conf/socc/2013},
  url       = {http://dx.doi.org/10.1109/SOCC.2013.6749681},
  doi       = {10.1109/SOCC.2013.6749681},
  timestamp = {Fri, 19 Feb 2016 12:33:25 +0100},
  biburl    = {http://dblp.uni-trier.de/rec/bib/conf/socc/LiuLH13},
  bibsource = {dblp computer science bibliography, http://dblp.org}
}

% =================================
% DMFB Placement Papers
% =================================
@article{su_todaes06,
  author    = {Fei Su and
               Krishnendu Chakrabarty},
  title     = {Module placement for fault-tolerant microfluidics-based biochips},
  journal   = {{ACM} Trans. Design Autom. Electr. Syst.},
  volume    = {11},
  number    = {3},
  pages     = {682--710},
  year      = {2006},
  url       = {http://doi.acm.org/10.1145/1142980.1142987},
  doi       = {10.1145/1142980.1142987},
  timestamp = {Tue, 06 Mar 2007 12:06:30 +0100},
  biburl    = {http://dblp.uni-trier.de/rec/bib/journals/todaes/SuC06},
  bibsource = {dblp computer science bibliography, http://dblp.org}
}

@article{yuh_jetc07,
  author    = {Ping{-}Hung Yuh and
               Chia{-}Lin Yang and
               Yao{-}Wen Chang},
  title     = {Placement of defect-tolerant digital microfluidic biochips using the
               T-tree formulation},
  journal   = {{JETC}},
  volume    = {3},
  number    = {3},
  year      = {2007},
  url       = {http://doi.acm.org/10.1145/1295231.1295234},
  doi       = {10.1145/1295231.1295234},
  timestamp = {Mon, 10 Dec 2007 14:35:28 +0100},
  biburl    = {http://dblp.uni-trier.de/rec/bib/journals/jetc/YuhYC07},
  bibsource = {dblp computer science bibliography, http://dblp.org}
}

@article{xu_jetc08,
  author    = {Tao Xu and
               Krishnendu Chakrabarty},
  title     = {Integrated droplet routing and defect tolerance in the synthesis of
               digital microfluidic biochips},
  journal   = {{JETC}},
  volume    = {4},
  number    = {3},
  year      = {2008},
  url       = {http://doi.acm.org/10.1145/1389089.1389091},
  doi       = {10.1145/1389089.1389091},
  timestamp = {Mon, 01 Sep 2008 15:21:39 +0200},
  biburl    = {http://dblp.uni-trier.de/rec/bib/journals/jetc/XuC08},
  bibsource = {dblp computer science bibliography, http://dblp.org}
}

@article{xu_tbcas08,
  author    = {Tao Xu and
               Krishnendu Chakrabarty and
               Fei Su},
  title     = {Defect-Aware High-Level Synthesis and Module Placement for Microfluidic
               Biochips},
  journal   = {{IEEE} Trans. Biomed. Circuits and Systems},
  volume    = {2},
  number    = {1},
  pages     = {50--62},
  year      = {2008},
  url       = {http://dx.doi.org/10.1109/TBCAS.2008.918283},
  doi       = {10.1109/TBCAS.2008.918283},
  timestamp = {Wed, 16 May 2012 21:22:33 +0200},
  biburl    = {http://dblp.uni-trier.de/rec/bib/journals/tbcas/XuCS08},
  bibsource = {dblp computer science bibliography, http://dblp.org}
}

@article{maftei_daes10,
  author    = {Elena Maftei and
               Paul Pop and
               Jan Madsen},
  title     = {Tabu search-based synthesis of digital microfluidic biochips with
               dynamically reconfigurable non-rectangular devices},
  journal   = {Design Autom. for Emb. Sys.},
  volume    = {14},
  number    = {3},
  pages     = {287--307},
  year      = {2010},
  url       = {http://dx.doi.org/10.1007/s10617-010-9059-x},
  doi       = {10.1007/s10617-010-9059-x},
  timestamp = {Tue, 29 Nov 2011 17:54:04 +0100},
  biburl    = {http://dblp.uni-trier.de/rec/bib/journals/dafes/MafteiPM10},
  bibsource = {dblp computer science bibliography, http://dblp.org}
}

@Article{liao_tnbs11,
   Author="Liao, Chen  and Hu, Shiyan ",
   Title="{{M}ultiscale variation-aware techniques for high-performance digital microfluidic lab-on-a-chip component placement}",
   Journal="IEEE Trans Nanobioscience",
   Year="2011",
   Volume="10",
   Number="1",
   Pages="51--58",
   Month="Mar"
}

@article{chen_tcad13,
  author    = {Ying{-}Han Chen and
               Chung{-}Lun Hsu and
               Li{-}Chen Tsai and
               Tsung{-}Wei Huang and
               Tsung{-}Yi Ho},
  title     = {A Reliability-Oriented Placement Algorithm for Reconfigurable Digital
               Microfluidic Biochips Using 3-D Deferred Decision Making Technique},
  journal   = {{IEEE} Trans. on {CAD} of Integrated Circuits and Systems},
  volume    = {32},
  number    = {8},
  pages     = {1151--1162},
  year      = {2013},
  url       = {http://dx.doi.org/10.1109/TCAD.2013.2249558},
  doi       = {10.1109/TCAD.2013.2249558},
  timestamp = {Wed, 14 Aug 2013 20:27:41 +0200},
  biburl    = {http://dblp.uni-trier.de/rec/bib/journals/tcad/ChenHTHH13},
  bibsource = {dblp computer science bibliography, http://dblp.org}
}

@article{maftei_jetc13,
  author    = {Elena Maftei and
               Paul Pop and
               Jan Madsen},
  title     = {Module-Based Synthesis of Digital Microfluidic Biochips with Droplet-Aware
               Operation Execution},
  journal   = {{JETC}},
  volume    = {9},
  number    = {1},
  pages     = {2},
  year      = {2013},
  url       = {http://doi.acm.org/10.1145/2422094.2422096},
  doi       = {10.1145/2422094.2422096},
  timestamp = {Tue, 19 Mar 2013 10:00:34 +0100},
  biburl    = {http://dblp.uni-trier.de/rec/bib/journals/jetc/MafteiPM13},
  bibsource = {dblp computer science bibliography, http://dblp.org}
}

@article{grissom_tcad14,
  author    = {Daniel Grissom and
               Philip Brisk},
  title     = {Fast Online Synthesis of Digital Microfluidic Biochips},
  journal   = {{IEEE} Trans. on {CAD} of Integrated Circuits and Systems},
  volume    = {33},
  number    = {3},
  pages     = {356--369},
  year      = {2014},
  url       = {http://dx.doi.org/10.1109/TCAD.2013.2290582},
  doi       = {10.1109/TCAD.2013.2290582},
  timestamp = {Tue, 25 Feb 2014 13:19:32 +0100},
  biburl    = {http://dblp2.uni-trier.de/rec/bib/journals/tcad/GrissomB14},
  bibsource = {dblp computer science bibliography, http://dblp.org}
}

% =================================
% DMFB Routing Papers
% =================================
@inproceedings{su_date06,
  author    = {Fei Su and
               William L. Hwang and
               Krishnendu Chakrabarty},
  title     = {Droplet routing in the synthesis of digital microfluidic biochips},
  booktitle = {Proceedings of the Conference on Design, Automation and Test in Europe,
               {DATE} 2006, Munich, Germany, March 6-10, 2006},
  pages     = {323--328},
  year      = {2006},
  crossref  = {DBLP:conf/date/2006p},
  url       = {http://dx.doi.org/10.1109/DATE.2006.244177},
  doi       = {10.1109/DATE.2006.244177},
  timestamp = {Wed, 11 Nov 2015 09:56:34 +0100},
  biburl    = {http://dblp.uni-trier.de/rec/bib/conf/date/SuHC06},
  bibsource = {dblp computer science bibliography, http://dblp.org}
}

@article{bohringer_tcad06,
  author    = {Karl{-}Friedrich B{\"{o}}hringer},
  title     = {Modeling and Controlling Parallel Tasks in Droplet-Based Microfluidic
               Systems},
  journal   = {{IEEE} Trans. on {CAD} of Integrated Circuits and Systems},
  volume    = {25},
  number    = {2},
  pages     = {334--344},
  year      = {2006},
  url       = {http://dx.doi.org/10.1109/TCAD.2005.855958},
  doi       = {10.1109/TCAD.2005.855958},
  timestamp = {Wed, 19 Apr 2006 13:13:49 +0200},
  biburl    = {http://dblp.uni-trier.de/rec/bib/journals/tcad/Bohringer06},
  bibsource = {dblp computer science bibliography, http://dblp.org}
}

@article{cho_tcad08,
  author    = {Minsik Cho and
               David Z. Pan},
  title     = {A High-Performance Droplet Routing Algorithm for Digital Microfluidic
               Biochips},
  journal   = {{IEEE} Trans. on {CAD} of Integrated Circuits and Systems},
  volume    = {27},
  number    = {10},
  pages     = {1714--1724},
  year      = {2008},
  url       = {http://dx.doi.org/10.1109/TCAD.2008.2003282},
  doi       = {10.1109/TCAD.2008.2003282},
  timestamp = {Fri, 20 Mar 2009 14:30:05 +0100},
  biburl    = {http://dblp.uni-trier.de/rec/bib/journals/tcad/ChoP08},
  bibsource = {dblp computer science bibliography, http://dblp.org}
}

@article{yuh_tcad08,
  author    = {Ping{-}Hung Yuh and
               Chia{-}Lin Yang and
               Yao{-}Wen Chang},
  title     = {BioRoute: {A} Network-Flow-Based Routing Algorithm for the Synthesis
               of Digital Microfluidic Biochips},
  journal   = {{IEEE} Trans. on {CAD} of Integrated Circuits and Systems},
  volume    = {27},
  number    = {11},
  pages     = {1928--1941},
  year      = {2008},
  url       = {http://dx.doi.org/10.1109/TCAD.2008.2006140},
  doi       = {10.1109/TCAD.2008.2006140},
  timestamp = {Mon, 23 Mar 2009 08:52:12 +0100},
  biburl    = {http://dblp.uni-trier.de/rec/bib/journals/tcad/YuhYC08},
  bibsource = {dblp computer science bibliography, http://dblp.org}
}

@inproceedings{huang_iccd09,
  author    = {Tsung{-}Wei Huang and
               Tsung{-}Yi Ho},
  title     = {A fast routability- and performance-driven droplet routing algorithm
               for digital microfluidic biochips},
  booktitle = {27th International Conference on Computer Design, {ICCD} 2009, Lake
               Tahoe, CA, USA, October 4-7, 2009},
  pages     = {445--450},
  year      = {2009},
  crossref  = {DBLP:conf/iccd/2009},
  url       = {http://dx.doi.org/10.1109/ICCD.2009.5413119},
  doi       = {10.1109/ICCD.2009.5413119},
  timestamp = {Mon, 22 Sep 2014 16:50:06 +0200},
  biburl    = {http://dblp.uni-trier.de/rec/bib/conf/iccd/HuangH09},
  bibsource = {dblp computer science bibliography, http://dblp.org}
}

@inproceedings{roy_glsvlsi10,
  author    = {Pranab Roy and
               Hafizur Rahaman and
               Parthasarathi Dasgupta},
  title     = {A novel droplet routing algorithm for digital microfluidic biochips},
  booktitle = {Proceedings of the 20th {ACM} Great Lakes Symposium on {VLSI} 2009,
               Providence, Rhode Island, USA, May 16-18 2010},
  pages     = {441--446},
  year      = {2010},
  crossref  = {DBLP:conf/glvlsi/2010},
  url       = {http://doi.acm.org/10.1145/1785481.1785583},
  doi       = {10.1145/1785481.1785583},
  timestamp = {Mon, 29 Sep 2014 17:13:50 +0200},
  biburl    = {http://dblp.uni-trier.de/rec/bib/conf/glvlsi/RoyRD10},
  bibsource = {dblp computer science bibliography, http://dblp.org}
}

@article{roy_integration12,
  author    = {Pranab Roy and
               Hafizur Rahaman and
               Parthasarathi Dasgupta},
  title     = {Two-level clustering-based techniques for intelligent droplet routing
               in digital microfluidic biochips},
  journal   = {Integration},
  volume    = {45},
  number    = {3},
  pages     = {316--330},
  year      = {2012},
  url       = {http://dx.doi.org/10.1016/j.vlsi.2011.11.006},
  doi       = {10.1016/j.vlsi.2011.11.006},
  timestamp = {Thu, 03 May 2012 16:01:50 +0200},
  biburl    = {http://dblp.uni-trier.de/rec/bib/journals/integration/RoyRD12},
  bibsource = {dblp computer science bibliography, http://dblp.org}
}

@inproceedings{keszocze_iccad14,
  author    = {Oliver Keszocze and
               Robert Wille and
               Rolf Drechsler},
  title     = {Exact routing for digital microfluidic biochips with temporary blockages},
  booktitle = {The {IEEE/ACM} International Conference on Computer-Aided Design,
               {ICCAD} 2014, San Jose, CA, USA, November 3-6, 2014},
  pages     = {405--410},
  year      = {2014},
  crossref  = {DBLP:conf/iccad/2014},
  url       = {http://dx.doi.org/10.1109/ICCAD.2014.7001383},
  doi       = {10.1109/ICCAD.2014.7001383},
  timestamp = {Thu, 30 Apr 2015 18:34:23 +0200},
  biburl    = {http://dblp.uni-trier.de/rec/bib/conf/iccad/KeszoczeWD14},
  bibsource = {dblp computer science bibliography, http://dblp.org}
}

@inproceedings{keszocze_iccad15,
  author    = {Oliver Keszocze and
               Robert Wille and
               Krishnendu Chakrabarty and
               Rolf Drechsler},
  title     = {A General and Exact Routing Methodology for Digital Microfluidic Biochips},
  booktitle = {Proceedings of the {IEEE/ACM} International Conference on Computer-Aided
               Design, {ICCAD} 2015, Austin, TX, USA, November 2-6, 2015},
  pages     = {874--881},
  year      = {2015},
  crossref  = {DBLP:conf/iccad/2015},
  url       = {http://dx.doi.org/10.1109/ICCAD.2015.7372663},
  doi       = {10.1109/ICCAD.2015.7372663},
  timestamp = {Wed, 13 Jan 2016 14:07:20 +0100},
  biburl    = {http://dblp.uni-trier.de/rec/bib/conf/iccad/KeszoczeWCD15},
  bibsource = {dblp computer science bibliography, http://dblp.org}
}

% =================================
% DMFB Washing Papers
% =================================
@article{huang_tcad10,
  author    = {Tsung{-}Wei Huang and
               Chun{-}Hsien Lin and
               Tsung{-}Yi Ho},
  title     = {A Contamination Aware Droplet Routing Algorithm for the Synthesis
               of Digital Microfluidic Biochips},
  journal   = {{IEEE} Trans. on {CAD} of Integrated Circuits and Systems},
  volume    = {29},
  number    = {11},
  pages     = {1682--1695},
  year      = {2010},
  url       = {http://dx.doi.org/10.1109/TCAD.2010.2062770},
  doi       = {10.1109/TCAD.2010.2062770},
  timestamp = {Fri, 25 Feb 2011 13:00:51 +0100},
  biburl    = {http://dblp.uni-trier.de/rec/bib/journals/tcad/HuangLH10},
  bibsource = {dblp computer science bibliography, http://dblp.org}
}

@article{Palsberg2001,
author = {Palsberg, Jens and Pavlopoulou, Christina},
doi = {10.1017/S095679680100394X},
isbn = {0897919793},
issn = {09567968},
journal = {Journal of Functional Programming},
number = {3},
pages = {263--317},
title = {{From Polyvariant flow information to intersection and union types}},
volume = {11},
year = {2001}
}


@article{zhao_tcad12,
  author    = {Yang Zhao and
               Krishnendu Chakrabarty},
  title     = {Cross-Contamination Avoidance for Droplet Routing in Digital Microfluidic
               Biochips},
  journal   = {{IEEE} Trans. on {CAD} of Integrated Circuits and Systems},
  volume    = {31},
  number    = {6},
  pages     = {817--830},
  year      = {2012},
  url       = {http://dx.doi.org/10.1109/TCAD.2012.2183369},
  doi       = {10.1109/TCAD.2012.2183369},
  timestamp = {Tue, 22 May 2012 12:21:30 +0200},
  biburl    = {http://dblp.uni-trier.de/rec/bib/journals/tcad/ZhaoC12a},
  bibsource = {dblp computer science bibliography, http://dblp.org}
}

@article{yao_tcad16,
  author    = {Hailong Yao and
               Qin Wang and
               Yiren Shen and
               Tsung{-}Yi Ho and
               Yici Cai},
  title     = {Integrated Functional and Washing Routing Optimization for Cross-Contamination Removal in Digital Microfluidic Biochips},
  journal   = {{IEEE} Trans. on {CAD} of Integrated Circuits and Systems},
  volume    = {35},
  number    = {8},
  pages     = {1283--1296},
  year      = {2016},
  url       = {http://dx.doi.org/10.1109/TCAD.2015.2504397},
  doi       = {10.1109/TCAD.2015.2504397},
  timestamp = {Mon, 25 Jul 2016 15:35:11 +0200},
  biburl    = {http://dblp.uni-trier.de/rec/bib/journals/tcad/YaoWSHC16},
  bibsource = {dblp computer science bibliography, http://dblp.org}
}


% =================================
% Video monitoring DMFP Papers
% =================================
@article{shin2010,
title = "Machine vision for digital microfluidics",
author = "Shin, {Yong Jun} and Lee, {Jeong Bong}",
year = "2010",
month = "2",
doi = "10.1063/1.3274673",
volume = "81",
journal = "Review of Scientific Instruments",
issn = "0034-6748",
publisher = "American Institute of Physics Publising LLC",
number = "1"
}



@Article{basu13,
author ="Basu, Amar S.",
title  ="Droplet morphometry and velocimetry (DMV): a video processing software for time-resolved{,} label-free tracking of droplet parameters",
journal  ="Lab Chip",
year  ="2013",
volume  ="13",
issue  ="10",
pages  ="1892-1901",
publisher  ="The Royal Society of Chemistry",
doi  ="10.1039/C3LC50074H",
url  ="http://dx.doi.org/10.1039/C3LC50074H"
}

@inproceedings{hu_date13,
  author    = {Kai Hu and
               Bang{-}Ning Hsu and
               Andrew Madison and
               Krishnendu Chakrabarty and
               Richard B. Fair},
  title     = {Fault detection, real-time error recovery, and experimental demonstration
               for digital microfluidic biochips},
  booktitle = {Design, Automation and Test in Europe, {DATE} 13, Grenoble, France,
               March 18-22, 2013},
  pages     = {559--564},
  year      = {2013},
  crossref  = {DBLP:conf/date/2013},
  url       = {http://dx.doi.org/10.7873/DATE.2013.124},
  doi       = {10.7873/DATE.2013.124},
  timestamp = {Wed, 11 Nov 2015 14:37:14 +0100},
  biburl    = {http://dblp.uni-trier.de/rec/bib/conf/date/HuHMCF13},
  bibsource = {dblp computer science bibliography, http://dblp.org}
}

@article{fobel13,
   author = "Fobel, Ryan and Fobel, Christian and Wheeler, Aaron R.",
   title = "DropBot: An open-source digital microfluidic control system with precise control of electrostatic driving force and instantaneous drop velocity measurement",
   journal = "Applied Physics Letters",
   year = "2013",
   volume = "102",
   number = "19", 
   eid = 193513,
   pages = "",
   url = "http://scitation.aip.org/content/aip/journal/apl/102/19/10.1063/1.4807118",
   doi = "http://dx.doi.org/10.1063/1.4807118" 
}

% =================================
% Cyber-physical DMFBs for error tolerance and recovery (mostly)
% =================================
@article{luo_tcad13,
  author    = {Yan Luo and
               Krishnendu Chakrabarty and
               Tsung{-}Yi Ho},
  title     = {Error Recovery in Cyberphysical Digital Microfluidic Biochips},
  journal   = {{IEEE} Trans. on {CAD} of Integrated Circuits and Systems},
  volume    = {32},
  number    = {1},
  pages     = {59--72},
  year      = {2013},
  url       = {http://dx.doi.org/10.1109/TCAD.2012.2211104},
  doi       = {10.1109/TCAD.2012.2211104},
  timestamp = {Thu, 03 Jan 2013 14:47:12 +0100},
  biburl    = {http://dblp.uni-trier.de/rec/bib/journals/tcad/LuoCH13},
  bibsource = {dblp computer science bibliography, http://dblp.org}
}

@article{luo_tcad14,
  author    = {Yan Luo and
               Krishnendu Chakrabarty and
               Tsung{-}Yi Ho},
  title     = {Real-Time Error Recovery in Cyberphysical Digital-Microfluidic Biochips
               Using a Compact Dictionary},
  journal   = {{IEEE} Trans. on {CAD} of Integrated Circuits and Systems},
  volume    = {32},
  number    = {12},
  pages     = {1839--1852},
  year      = {2013},
  url       = {http://dx.doi.org/10.1109/TCAD.2013.2277980},
  doi       = {10.1109/TCAD.2013.2277980},
  timestamp = {Sat, 01 Feb 2014 19:12:35 +0100},
  biburl    = {http://dblp.uni-trier.de/rec/bib/journals/tcad/LuoCH13a},
  bibsource = {dblp computer science bibliography, http://dblp.org}
}


@article{ibrahim_tmscs15,
  author    = {Mohamed Ibrahim and
               Krishnendu Chakrabarty},
  title     = {Efficient Error Recovery in Cyberphysical Digital-Microfluidic Biochips},
  journal   = {{IEEE} Trans. Multi-Scale Computing Systems},
  volume    = {1},
  number    = {1},
  pages     = {46--58},
  year      = {2015},
  url       = {http://dx.doi.org/10.1109/TMSCS.2015.2478457},
  doi       = {10.1109/TMSCS.2015.2478457},
  timestamp = {Wed, 17 Feb 2016 14:55:18 +0100},
  biburl    = {http://dblp.uni-trier.de/rec/bib/journals/tmscs/IbrahimC15},
  bibsource = {dblp computer science bibliography, http://dblp.org}
}

@inproceedings{ibrahim_date15,
  author    = {Mohamed Ibrahim and
               Krishnendu Chakrabarty},
  title     = {Error recovery in digital microfluidics for personalized medicine},
  booktitle = {Proceedings of the 2015 Design, Automation {\&} Test in Europe
               Conference {\&} Exhibition, {DATE} 2015, Grenoble, France, March
               9-13, 2015},
  pages     = {247--252},
  year      = {2015},
  crossref  = {DBLP:conf/date/2015},
  url       = {http://dl.acm.org/citation.cfm?id=2755807},
  timestamp = {Tue, 28 Apr 2015 17:32:23 +0200},
  biburl    = {http://dblp.uni-trier.de/rec/bib/conf/date/IbrahimC15},
  bibsource = {dblp computer science bibliography, http://dblp.org}
}

@inproceedings{jaress_vts15,
  author    = {Christopher Jaress and
               Philip Brisk and
               Daniel Grissom},
  title     = {Rapid online fault recovery for cyber-physical digital microfluidic
               biochips},
  booktitle = {33rd {IEEE} {VLSI} Test Symposium, {VTS} 2015, Napa, CA, USA, April
               27-29, 2015},
  pages     = {1--6},
  year      = {2015},
  crossref  = {DBLP:conf/vts/2015},
  url       = {http://dx.doi.org/10.1109/VTS.2015.7116246},
  doi       = {10.1109/VTS.2015.7116246},
  timestamp = {Wed, 11 May 2016 09:36:25 +0200},
  biburl    = {http://dblp.uni-trier.de/rec/bib/conf/vts/JaressBG15},
  bibsource = {dblp computer science bibliography, http://dblp.org}
}



@inproceedings{ibrahim_date16,
  author    = {Mohamed Ibrahim and
               Krishnendu Chakrabarty and
               Kristin Scott},
  title     = {Integrated and real-time quantitative analysis using cyberphysical
               digital-microfluidic biochips},
  booktitle = {2016 Design, Automation {\&} Test in Europe Conference {\&}
               Exhibition, {DATE} 2016, Dresden, Germany, March 14-18, 2016},
  pages     = {630--635},
  year      = {2016},
  crossref  = {DBLP:conf/date/2016},
  url       = {http://ieeexplore.ieee.org/xpl/freeabs_all.jsp?arnumber=7459387},
  timestamp = {Tue, 03 May 2016 14:02:41 +0200},
  biburl    = {http://dblp.uni-trier.de/rec/bib/conf/date/IbrahimCS16},
  bibsource = {dblp computer science bibliography, http://dblp.org}
}

@article{alistar_daes15,
  author    = {Mirela Alistar and
               Paul Pop and
               Jan Madsen},
  title     = {Redundancy optimization for error recovery in digital microfluidic
               biochips},
  journal   = {Design Autom. for Emb. Sys.},
  volume    = {19},
  number    = {1-2},
  pages     = {129--159},
  year      = {2015},
  url       = {http://dx.doi.org/10.1007/s10617-014-9157-2},
  doi       = {10.1007/s10617-014-9157-2},
  timestamp = {Fri, 03 Jul 2015 12:46:33 +0200},
  biburl    = {http://dblp.uni-trier.de/rec/bib/journals/dafes/AlistarPM15},
  bibsource = {dblp computer science bibliography, http://dblp.org}
}


@inproceedings{ibrahim_cases16,
  author    = {Mohamed Ibrahim and
               Craig Boswell and
               Krishnendu Chakrabarty and
               Kristin Scott and
               Miroslav Pajic},
  title     = {A real-time digital-microfluidic platform for epigenetics},
  booktitle = {2016 International Conference on Compilers, Architectures and Synthesis
               for Embedded Systems, {CASES} 2016, Pittsburgh, Pennsylvania, USA,
               October 1-7, 2016},
  pages     = {10:1--10:10},
  year      = {2016},
  crossref  = {DBLP:conf/cases/2016},
  url       = {http://doi.acm.org/10.1145/2968455.2968516},
  doi       = {10.1145/2968455.2968516},
  timestamp = {Thu, 27 Oct 2016 13:01:23 +0200},
  biburl    = {http://dblp.uni-trier.de/rec/bib/conf/cases/IbrahimBCSP16},
  bibsource = {dblp computer science bibliography, http://dblp.org}
}

% =================================
% Continuous Flow PLoCs
% =================================
@Article{urbanski06,
author ="Urbanski, John Paul and Thies, William and Rhodes, Christopher and Amarasinghe, Saman and Thorsen, Todd",
title  ="Digital microfluidics using soft lithography",
journal  ="Lab Chip",
year  ="2006",
volume  ="6",
issue  ="1",
pages  ="96-104",
publisher  ="The Royal Society of Chemistry",
doi  ="10.1039/B510127A",
url  ="http://dx.doi.org/10.1039/B510127A"
}


@inproceedings{amin_isca07,
  author    = {Ahmed M. Amin and
               Mithuna Thottethodi and
               T. N. Vijaykumar and
               Steven Wereley and
               Stephen C. Jacobson},
  title     = {Aquacore: a programmable architecture for microfluidics},
  booktitle = {34th International Symposium on Computer Architecture {(ISCA} 2007),
               June 9-13, 2007, San Diego, California, {USA}},
  pages     = {254--265},
  year      = {2007},
  crossref  = {DBLP:conf/isca/2007},
  url       = {http://doi.acm.org/10.1145/1250662.1250694},
  doi       = {10.1145/1250662.1250694},
  timestamp = {Thu, 16 Oct 2014 17:35:15 +0200},
  biburl    = {http://dblp.uni-trier.de/rec/bib/conf/isca/AminTVWJ07},
  bibsource = {dblp computer science bibliography, http://dblp.org}
}



@Article{jensen10,
   Author="Jensen, Erik C.  and Bhat, Bharath P.  and Mathies, Richard A. ",
   Title="{{A} digital microfluidic platform for the automation of quantitative biomolecular assays}",
   Journal="Lab Chip",
   Year="2010",
   Volume="10",
   Number="6",
   Pages="685--691",
   Month="Mar"
}
 
@Article{fidalgo11,
   Author="Fidalgo, Luis M.  and Maerkl, Sebastian J. ",
   Title="{{A} software-programmable microfluidic device for automated biology}",
   Journal="Lab Chip",
   Year="2011",
   Volume="11",
   Number="9",
   Pages="1612--1619",
   Month="May"
}

@Article{amin13,
   Author="Amin, Ahmed M. and Thakur, Raviraj and Madren, Seth  and Chuang, Han-Sheng and Thottethodi, Mithuna  and Vijaykumar, T. N.  and Wereley, Steven T. and Jacobson, Stephen C. ",
   Title="{{S}oftware-programmable continuous-flow multi-purpose lab-on-a-chip}",
   Journal="Microfluid Nanofluidics",
   Year="2013",
   Volume="15",
   Number="5",
   Pages="647--659",
   Month="Nov"
}

@misc{aquarium,
	title = {Aquarium, Your protocols will be assimilated},
    author = {Klavins, Eric},
    note = {Accessed: 2017-11-13},
    Year = {2014},
    howpublished = {http://klavinslab.org/aquarium.html}
}

@misc{labview,
	title = {Using LabVIEW to design and develop an automated system to isolate rare cells},
    author = {Gianni, S. and Maranesi, N. and Medoro, G. and Malerba, F.},
    note = {Accessed: 2017-11-12},
    howpublished = {http://sine.ni.com/cs/app/doc/p/id/cs-13422}
}


@article{bilitchenko2011eugene,
  title={Eugene--a domain specific language for specifying and constraining synthetic biological parts, devices, and systems},
  author={Bilitchenko, Lesia and Liu, Adam and Cheung, Sherine and Weeding, Emma and Xia, Bing and Leguia, Mariana and Anderson, J Christopher and Densmore, Douglas},
  journal={PloS one},
  volume={6},
  number={4},
  pages={e18882},
  year={2011},
  publisher={Public Library of Science}
}

@article{hucka2003systems,
  title={The systems biology markup language (SBML): a medium for representation and exchange of biochemical network models},
  author={Hucka, Michael and Finney, Andrew and Sauro, Herbert M and Bolouri, Hamid and Doyle, John C and Kitano, Hiroaki and Arkin, Adam P and Bornstein, Benjamin J and Bray, Dennis and Cornish-Bowden, Athel and others},
  journal={Bioinformatics},
  volume={19},
  number={4},
  pages={524--531},
  year={2003},
  publisher={Oxford Univ Press}
}

@article{keutzer2000system,
  title={System-level design: orthogonalization of concerns and platform-based design},
  author={Keutzer, Kurt and Newton, A Richard and Rabaey, Jan M and Sangiovanni-Vincentelli, Alberto},
  journal={IEEE Transactions on Computer-Aided Design of Integrated Circuits and Systems},
  volume={19},
  number={12},
  pages={1523--1543},
  year={2000},
  publisher={IEEE}
}

@article{sangiovanni2007quo,
  title={Quo vadis, SLD? reasoning about the trends and challenges of system level design},
  author={Sangiovanni-Vincentelli, Alberto},
  journal={Proceedings of the IEEE},
  volume={95},
  number={3},
  pages={467--506},
  year={2007},
  publisher={IEEE}
}

@book{palnitkar2003verilog,
  title={Verilog HDL: a guide to digital design and synthesis},
  author={Palnitkar, Samir},
  volume={1},
  year={2003},
  publisher={Prentice Hall Professional}
}

@book{ashenden2010designer,
  title={The designer's guide to VHDL},
  author={Ashenden, Peter J},
  volume={3},
  year={2010},
  publisher={Morgan Kaufmann}
}

@book{van1995python,
  title={Python tutorial},
  author={Van Rossum, Guido and Drake Jr, Fred L},
  year={1995},
  publisher={Centrum voor Wiskunde en Informatica Amsterdam, The Netherlands}
}

@article{intel64and,
  title={and IA-32 architectures software developer’s manual},
  author={Intel, Intel},
  journal={Volume 3A: System Programming Guide, Part},
  volume={1},
  pages={64},
  year={64}
}

@article{kernighan2006c,
  title={The C programming language},
  author={Kernighan, Brian W and Ritchie, Dennis M},
  year={2006}
}

@misc{dobbs1990piranha,
  title={Piranha solution explosion},
  author={Dobbs, Daniel A. and Bergman, Robert G. and Theopold, Klaus H.},
  journal={CHEMICAL \& ENGINEERING NEWS},
  volume={68},
  number={17},
  pages={2--2},
  year={1990},
  publisher={AMER CHEMICAL SOC 1155 16TH ST, NW, WASHINGTON, DC 20036}
}

@article{cytron_toplas91,
  author    = {Ron Cytron and
               Jeanne Ferrante and
               Barry K. Rosen and
               Mark N. Wegman and
               F. Kenneth Zadeck},
  title     = {Efficiently Computing Static Single Assignment Form and the Control
               Dependence Graph},
  journal   = {{ACM} Trans. Program. Lang. Syst.},
  volume    = {13},
  number    = {4},
  pages     = {451--490},
  year      = {1991},
  url       = {http://doi.acm.org/10.1145/115372.115320},
  doi       = {10.1145/115372.115320},
  timestamp = {Fri, 19 Oct 2012 08:55:43 +0200},
  biburl    = {http://dblp.uni-trier.de/rec/bib/journals/toplas/CytronFRWZ91},
  bibsource = {dblp computer science bibliography, http://dblp.org}
}

@Article{Gong_assay1,
AUTHOR={ Gong, Jian and  Kim, Chang-Jin },
Title={ Direct-referencing two-dimensional-array digital microfluidics using multilayer printed circuit board},
JOURNAL={J. Microelectromech. Syst.},
Volume={17},
ISSUE={2},
YEAR={2008},
PAGES={257-264}
}

@Article {Moon_assay2,
	Author={Moon, Hyejin and Cho, Sung Kwon. and Garrell, Robin L. and Kim, Chang-Jin},
	TITLE={Low voltage electrowetting-on-dielectric},
	JOURNAL = {J. Appl. Phys.},
	VOLUME={92},
	ISSUE={7},
	YEAR={2002},
	PAGES={4080–4087}
}

@ARTICLE{Luan_sensor4,
	AUTHOR={Luan, L. and Evans, R.D. and Jokerst, N.M. and Fair, R.B. },
	TITLE={Integrated optical sensor in a digital microfluidic platform},
	JOURNAL={IEEE Sensors},
    VOLUME={8},
	ISSUE={5},
    YEAR = {2008},
    PAGES={628-635}
}


@ARTICLE{Barsoukov_sensor1,
	AUTHOR = {Barsoukov, Evgenij. and Macdonald, J. Ross},
	TITLE = {Impedence Spectroscopy: Theory, Experiments, and Applications},
	Journal = {Wiley-Interscience},
    abstract = {},
	Year = {2005}
}

@ARTICLE{Li_sensor3,
	AUTHOR={Li, Yiyan and Li, Hongzhong and Baker, R. Jacob},
	TITLE={Volume and concentration identification by using an electrowetting on dielectric device},
	JOURNAL={IEEE DCAS},
	YEAR={2014},
	PAGES={1-4}
}

@Article{Murran_sensor5,
author ="Murran, Miguel Angel and Najjaran, Homayoun",
title  ="Capacitance-based droplet position estimator for digital microfluidic devices",
journal  ="Lab Chip",
year  ="2012",
volume  ="12",
issue  ="11",
pages  ="2053-2059",
publisher  ="The Royal Society of Chemistry",
doi  ="10.1039/C2LC21241B",
url  ="http://dx.doi.org/10.1039/C2LC21241B"
}

@Article {Cooreman_sensor2,
	AUTHOR = {Cooreman, Peter and Thoelen, Ronald and Manca, Jean and vandeVen, M. and Vermeeren, V. and Michiels, L. and Ameloot, M. and Wagner, P.},
	TITLE = {Impedimetric immunosensors based on the conjugated polymer PPV},
	JOURNAL = {Biosens. Bioelectron.},
	Volume = {20},
	ISSUE = {10},
	YEAR = {2005},
	PAGES = {2151–2156}
}

@Article{Jebrail_PCR,
	AUTHOR = {Jebrail, Mais J. and Renzi, Ronald F. and Sinha, Anupama and Van De Vreugde, Jim and Gondhalekar, Carmen and Ambriz, Cesar and Meagher,  Robert J. and Branda, Steven S.},  
	TITLE= {A solvent replenishment solution for managing evaporation of biochemical reactions in air-matrix digital microfluidics devices}, 
	JOURNAL = {Lab Chip},
	VOLUME = {15},
	YEAR = {2015}, 
	Pages = {151–158} 
}

% ==================================================================
% Put all other citations at the top
% ==================================================================

@proceedings{DBLP:conf/dac/2012,
  editor    = {Patrick Groeneveld and
               Donatella Sciuto and
               Soha Hassoun},
  title     = {The 49th Annual Design Automation Conference 2012, {DAC} '12, San
               Francisco, CA, USA, June 3-7, 2012},
  publisher = {{ACM}},
  year      = {2012},
  url       = {http://dl.acm.org/citation.cfm?id=2228360},
  isbn      = {978-1-4503-1199-1},
  timestamp = {Wed, 29 Mar 2017 16:45:25 +0200},
  biburl    = {http://dblp.org/rec/bib/conf/dac/2012},
  bibsource = {dblp computer science bibliography, http://dblp.org}
}

@proceedings{DBLP:conf/vlsi/2012soc,
  editor    = {Srinivas Katkoori and
               Matthew R. Guthaus and
               Ayse Kivilcim Coskun and
               Andreas Burg and
               Ricardo Reis},
  title     = {20th {IEEE/IFIP} International Conference on {VLSI} and System-on-Chip,
               VLSI-SoC 2012, Santa Cruz, CA, USA, October 7-10, 2012},
  publisher = {{IEEE}},
  year      = {2012},
  url       = {http://ieeexplore.ieee.org/xpl/mostRecentIssue.jsp?punumber=6366003},
  isbn      = {978-1-4673-2657-5},
  timestamp = {Tue, 18 Dec 2012 17:21:24 +0100},
  biburl    = {http://dblp.org/rec/bib/conf/vlsi/2012soc},
  bibsource = {dblp computer science bibliography, http://dblp.org}
}

@proceedings{DBLP:conf/date/2006p,
  editor    = {Georges G. E. Gielen},
  title     = {Proceedings of the Conference on Design, Automation and Test in Europe,
               {DATE} 2006, Munich, Germany, March 6-10, 2006},
  publisher = {European Design and Automation Association, Leuven, Belgium},
  year      = {2006},
  url       = {http://ieeexplore.ieee.org/xpl/mostRecentIssue.jsp?punumber=11014},
  isbn      = {3-9810801-1-4},
  timestamp = {Tue, 10 Nov 2015 11:49:00 +0100},
  biburl    = {http://dblp.org/rec/bib/conf/date/2006p},
  bibsource = {dblp computer science bibliography, http://dblp.org}
}

@proceedings{DBLP:conf/socc/2013,
  editor    = {Norbert Schuhmann and
               Kaijian Shi and
               Nagi Naganathan},
  title     = {2013 {IEEE} International {SOC} Conference, Erlangen, Germany, September
               4-6, 2013},
  publisher = {{IEEE}},
  year      = {2013},
  url       = {http://ieeexplore.ieee.org/xpl/mostRecentIssue.jsp?punumber=6745905},
  isbn      = {978-1-4799-1166-0},
  timestamp = {Fri, 19 Feb 2016 12:33:25 +0100},
  biburl    = {http://dblp.org/rec/bib/conf/socc/2013},
  bibsource = {dblp computer science bibliography, http://dblp.org}
}


@proceedings{DBLP:conf/date/2013,
  editor    = {Enrico Macii},
  title     = {Design, Automation and Test in Europe, {DATE} 13, Grenoble, France,
               March 18-22, 2013},
  publisher = {{EDA} Consortium San Jose, CA, {USA} / {ACM} {DL}},
  year      = {2013},
  url       = {http://ieeexplore.ieee.org/xpl/mostRecentIssue.jsp?punumber=6507370},
  isbn      = {978-1-4503-2153-2},
  timestamp = {Tue, 10 Nov 2015 12:54:15 +0100},
  biburl    = {http://dblp.org/rec/bib/conf/date/2013},
  bibsource = {dblp computer science bibliography, http://dblp.org}
}

@proceedings{DBLP:conf/iccad/2015,
  editor    = {Diana Marculescu and
               Frank Liu},
  title     = {Proceedings of the {IEEE/ACM} International Conference on Computer-Aided
               Design, {ICCAD} 2015, Austin, TX, USA, November 2-6, 2015},
  publisher = {{IEEE}},
  year      = {2015},
  url       = {http://ieeexplore.ieee.org/xpl/mostRecentIssue.jsp?punumber=7367889},
  isbn      = {978-1-4673-8389-9},
  timestamp = {Wed, 13 Jan 2016 14:05:54 +0100},
  biburl    = {http://dblp.org/rec/bib/conf/iccad/2015},
  bibsource = {dblp computer science bibliography, http://dblp.org}
}

@proceedings{DBLP:conf/iccad/2014,
  editor    = {Yao{-}Wen Chang},
  title     = {The {IEEE/ACM} International Conference on Computer-Aided Design,
               {ICCAD} 2014, San Jose, CA, USA, November 3-6, 2014},
  publisher = {{IEEE}},
  year      = {2014},
  url       = {http://ieeexplore.ieee.org/xpl/mostRecentIssue.jsp?punumber=6991350},
  isbn      = {978-1-4799-6277-8},
  timestamp = {Thu, 30 Apr 2015 18:34:23 +0200},
  biburl    = {http://dblp.org/rec/bib/conf/iccad/2014},
  bibsource = {dblp computer science bibliography, http://dblp.org}
}

@proceedings{DBLP:conf/glvlsi/2010,
  editor    = {R. Iris Bahar and
               Fabrizio Lombardi and
               David Atienza and
               Erik Brunvand},
  title     = {Proceedings of the 20th {ACM} Great Lakes Symposium on {VLSI} 2009,
               Providence, Rhode Island, USA, May 16-18 2010},
  publisher = {{ACM}},
  year      = {2010},
  url       = {https://doi.org/10.1145/1785481},
  doi       = {10.1145/1785481},
  isbn      = {978-1-4503-0012-4},
  timestamp = {Wed, 24 May 2017 08:28:02 +0200},
  biburl    = {http://dblp.org/rec/bib/conf/glvlsi/2010},
  bibsource = {dblp computer science bibliography, http://dblp.org}
}

@article{bazargan2000fast,
  title={Fast template placement for reconfigurable computing systems},
  author={Bazargan, Kiarash and Kastner, Ryan and Sarrafzadeh, Majid},
  journal={IEEE design \& Test of Computers},
  number={1},
  pages={68--83},
  year={2000},
  publisher={IEEE}
}

@inproceedings{smith2006compiling,
  title={Compiling for EDGE architectures},
  author={Smith, Aaron and Burrill, Jim and Gibson, Jon and Maher, Bertrand and Nethercote, Nick and Yoder, Bill and Burger, Doug and McKinley, Kathryn S},
  booktitle={Code Generation and Optimization, 2006. CGO 2006. International Symposium on},
  pages={11--pp},
  year={2006},
  organization={IEEE}
}

@proceedings{DBLP:conf/vts/2015,
  title     = {33rd {IEEE} {VLSI} Test Symposium, {VTS} 2015, Napa, CA, USA, April
               27-29, 2015},
  publisher = {{IEEE} Computer Society},
  year      = {2015},
  url       = {http://ieeexplore.ieee.org/xpl/mostRecentIssue.jsp?punumber=7104933},
  isbn      = {978-1-4799-7597-6},
  timestamp = {Wed, 11 May 2016 09:36:25 +0200},
  biburl    = {https://dblp.org/rec/bib/conf/vts/2015},
  bibsource = {dblp computer science bibliography, https://dblp.org}
}

@proceedings{DBLP:conf/iccd/2009,
  title     = {27th International Conference on Computer Design, {ICCD} 2009, Lake
               Tahoe, CA, USA, October 4-7, 2009},
  publisher = {{IEEE} Computer Society},
  year      = {2009},
  url       = {http://ieeexplore.ieee.org/xpl/mostRecentIssue.jsp?punumber=5406656},
  isbn      = {978-1-4244-5029-9},
  timestamp = {Mon, 22 Sep 2014 16:50:06 +0200},
  biburl    = {https://dblp.org/rec/bib/conf/iccd/2009},
  bibsource = {dblp computer science bibliography, https://dblp.org}
}

@proceedings{DBLP:conf/isca/2007,
  editor    = {Dean M. Tullsen and
               Brad Calder},
  title     = {34th International Symposium on Computer Architecture {(ISCA} 2007),
               June 9-13, 2007, San Diego, California, {USA}},
  publisher = {{ACM}},
  year      = {2007},
  url       = {http://dl.acm.org/citation.cfm?id=1250662},
  isbn      = {978-1-59593-706-3},
  timestamp = {Thu, 16 Oct 2014 17:35:15 +0200},
  biburl    = {https://dblp.org/rec/bib/conf/isca/2007},
  bibsource = {dblp computer science bibliography, https://dblp.org}
}

@Article{2018cancer,
author ="Sinha, Hugo and Quach, Angela B. V. and Vo, Philippe Q. N. and Shih, Steve C.",
title  ="An automated microfluidic gene-editing platform for deciphering cancer genes",
journal  ="Lab Chip",
year  ="2018",
pages  ={11-12},
publisher  ="The Royal Society of Chemistry",
doi  ="10.1039/C8LC00470F",
url  ="http://dx.doi.org/10.1039/C8LC00470F"
}

@inproceedings{wand1986finding,
  title={Finding the source of type errors},
  author={Wand, Mitchell},
  booktitle={Proceedings of the 13th ACM SIGACT-SIGPLAN symposium on Principles of programming languages},
  pages={38--43},
  year={1986},
  organization={ACM}
}

@article{ott2018bioscript,
  title={BioScript: programming safe chemistry on laboratories-on-a-chip},
  author={Ott, Jason and Loveless, Tyson and Curtis, Chris and Lesani, Mohsen and Brisk, Philip},
  journal={Proceedings of the ACM on Programming Languages},
  volume={2},
  number={OOPSLA},
  pages={128},
  year={2018},
  publisher={ACM}
}

@inproceedings{willsey2019puddle,
  title={Puddle: A dynamic, error-correcting, full-stack microfluidics platform},
  author={Willsey, Max and Stephenson, Ashley P and Takahashi, Chris and Vaid, Pranav and Nguyen, Bichlien H and Piszczek, Michal and Betts, Christine and Newman, Sharon and Joshi, Sarang and Strauss, Karin and others},
  booktitle={Proceedings of the Twenty-Third International Conference on Architectural Support for Programming Languages and Operating Systems, ASPLOS},
  volume={19},
  year={2019}
}

@article{gale2018review,
  title={A review of current methods in microfluidic device fabrication and future commercialization prospects},
  author={Gale, Bruce and Jafek, Alexander and Lambert, Christopher and Goenner, Brady and Moghimifam, Hossein and Nze, Ugochukwu and Kamarapu, Suraj},
  journal={Inventions},
  volume={3},
  number={3},
  pages={60},
  year={2018},
  publisher={Multidisciplinary Digital Publishing Institute}
}

@article{faustino2016biomedical,
  title={Biomedical microfluidic devices by using low-cost fabrication techniques: A review},
  author={Faustino, Vera and Catarino, Susana O and Lima, Rui and Minas, Gra{\c{c}}a},
  journal={Journal of biomechanics},
  volume={49},
  number={11},
  pages={2280--2292},
  year={2016},
  publisher={Elsevier}
}

@article{bhattacharjee2016upcoming,
  title={The upcoming 3D-printing revolution in microfluidics},
  author={Bhattacharjee, Nirveek and Urrios, Arturo and Kang, Shawn and Folch, Albert},
  journal={Lab on a Chip},
  volume={16},
  number={10},
  pages={1720--1742},
  year={2016},
  publisher={Royal Society of Chemistry}
}

@article{yazdi20163d,
  title={3D printing: an emerging tool for novel microfluidics and lab-on-a-chip applications},
  author={Yazdi, Alireza Ahmadian and Popma, Adam and Wong, William and Nguyen, Tammy and Pan, Yayue and Xu, Jie},
  journal={Microfluidics and Nanofluidics},
  volume={20},
  number={3},
  pages={50},
  year={2016},
  publisher={Springer}
}

@article{ito2000pushing,
  title={Pushing the limits of lithography},
  author={Ito, Takashi and Okazaki, Shinji},
  journal={Nature},
  volume={406},
  number={6799},
  pages={1027},
  year={2000},
  publisher={Nature Publishing Group}
}

@book{born2013principles,
  title={Principles of optics: electromagnetic theory of propagation, interference and diffraction of light},
  author={Born, Max and Wolf, Emil},
  year={2013},
  publisher={Elsevier}
}

@article{grimmer2018meander,
  title={Meander Designer: Automatically Generating Meander Channel Designs},
  author={Grimmer, Andreas and Frank, Philipp and Ebner, Philipp and H{\"a}fner, Sebastian and Richter, Andreas and Wille, Robert},
  journal={Micromachines},
  volume={9},
  number={12},
  pages={625},
  year={2018},
  publisher={Multidisciplinary Digital Publishing Institute}
}



















@article{el2006cells,
  title={Cells on chips},
  author={El-Ali, Jamil and Sorger, Peter K and Jensen, Klavs F},
  journal={Nature},
  volume={442},
  number={7101},
  pages={403},
  year={2006},
  publisher={Nature Publishing Group}
}

@article{hung2005continuous,
  title={Continuous perfusion microfluidic cell culture array for high-throughput cell-based assays},
  author={Hung, Paul J and Lee, Philip J and Sabounchi, Poorya and Lin, Robert and Lee, Luke P},
  journal={Biotechnology and bioengineering},
  volume={89},
  number={1},
  pages={1--8},
  year={2005},
  publisher={Wiley Online Library}
}
@article{pamme2007continuous,
  title={Continuous flow separations in microfluidic devices},
  author={Pamme, Nicole},
  journal={Lab on a Chip},
  volume={7},
  number={12},
  pages={1644--1659},
  year={2007},
  publisher={Royal Society of Chemistry}
}
@article{xia1998soft,
  title={Soft lithography},
  author={Xia, Younan and Whitesides, George M},
  journal={Annual review of materials science},
  volume={28},
  number={1},
  pages={153--184},
  year={1998},
  publisher={Annual Reviews 4139 El Camino Way, PO Box 10139, Palo Alto, CA 94303-0139, USA}
}
@article{oskui2015assessing,
  title={Assessing and reducing the toxicity of 3D-printed parts},
  author={Oskui, Shirin Mesbah and Diamante, Graciel and Liao, Chunyang and Shi, Wei and Gan, Jay and Schlenk, Daniel and Grover, William H},
  journal={Environmental Science \& Technology Letters},
  volume={3},
  number={1},
  pages={1--6},
  year={2015},
  publisher={ACS Publications}
}
@article{lashkaripour2019performance,
  title={Performance tuning of microfluidic flow-focusing droplet generators},
  author={Lashkaripour, Ali and Rodriguez, Christopher and Ortiz, Luis and Densmore, Douglas},
  journal={Lab on a Chip},
  year={2019},
  publisher={Royal Society of Chemistry}
}
@article{lashkaripour2018desktop,
  title={Desktop micromilled microfluidics},
  author={Lashkaripour, Ali and Silva, Ryan and Densmore, Douglas},
  journal={Microfluidics and Nanofluidics},
  volume={22},
  number={3},
  pages={31},
  year={2018},
  publisher={Springer}
}
@article{waheed20163d,
  title={3D printed microfluidic devices: enablers and barriers},
  author={Waheed, Sidra and Cabot, Joan M and Macdonald, Niall P and Lewis, Trevor and Guijt, Rosanne M and Paull, Brett and Breadmore, Michael C},
  journal={Lab on a Chip},
  volume={16},
  number={11},
  pages={1993--2013},
  year={2016},
  publisher={Royal Society of Chemistry}
}
@article{rogers20153d,
  title={3D printed microfluidic devices with integrated valves},
  author={Rogers, Chad I and Qaderi, Kamran and Woolley, Adam T and Nordin, Gregory P},
  journal={Biomicrofluidics},
  volume={9},
  number={1},
  pages={016501},
  year={2015},
  publisher={AIP Publishing}
}
@article{gong2016high,
  title={High density 3D printed microfluidic valves, pumps, and multiplexers},
  author={Gong, Hua and Woolley, Adam T and Nordin, Gregory P},
  journal={Lab on a Chip},
  volume={16},
  number={13},
  pages={2450--2458},
  year={2016},
  publisher={Royal Society of Chemistry}
}

@article{sanka20193d,
  title={3D $\mu$ F-Interactive Design Environment for Continuous Flow Microfluidic Devices},
  author={Sanka, Radhakrishna and Lippai, Joshua and Samarasekera, Dinithi and Nemsick, Sarah and Densmore, Douglas},
  journal={Scientific Reports},
  volume={9},
  number={1},
  pages={9166},
  year={2019},
  publisher={Nature Publishing Group}
}